2268 3964
231 176 263 229 6
853 171 912 223 C.
949 172 1280 223 CORNELII
1315 171 1543 224 TACI'I'I

235 311 377 392 que¹
428 300 701 386 potentia,
760 302 876 365 cito
921 301 982 364 in
1029 305 1358 380 Caesarem3
1411 304 1636 385 Lepidi,
1697 319 1871 388 atque
1917 308 2159 370 Antonii

231 425 412 477 arma,
454 403 515 461 in
559 405 896 483 Augustum
951 421 1208 475 cessere3
1255 402 1354 481 qui
1398 417 1605 463 cuncta
1649 403 1943 465 discordiis
1987 406 2170 467 civili·-
2233 439 2236 442 <

233 503 343 562 bus
380 497 572 571 fessa,2
613 496 845 556 nomine
874 494 1210 574 Principis³
1241 499 1349 556 sub
1370 496 1677 578 imperium
1720 496 1954 581 accepit.
2040 503 2159 564 Sed

232 594 438 657 veteris
465 592 695 675 populi‘*
739 591 991 653 Romani
1017 597 1312 672 prospera,
1355 594 1447 652 vel
1477 595 1734 668 adversa,
1783 598 1948 658 claris
1985 600 2160 680 scrip-

231 692 454 754 toribus
498 702 813 750 memorata
857 701 1026 747 sunt:
1078 688 1550 771 temporibusque
1597 693 1850 774 Augusti
1891 685 2159 755 'dicendis

231 810 353 850 non
412 786 649 848 defuere
698 775 907 846 decora
960 784 1208 866 ingenia,
1273 786 1456 847 donec
1505 788 1780 868 gliscente
1835 791 2159 852 adulatione

231 887 676 946 deterrerentur.
763 879 1000 953 Tiberii,
1045 881 1334 962 Caiique,⁵
1395 897 1452 942 et
1502 885 1751 958 Claudii,
1792 907 1857 946 ac
1907 887 2161 949 Neronis

231 1003 346 1055 res,
374 980 708 1040 florentibus
748 977 903 1059 ipsis,
954 978 1030 1038 ob
1064 977 1470 1041 metumfalsae
1491 1003 1508 1054 3
1530 976 1553 1007 ⁶
1593 981 1903 1062 postquem
1937 985 2160 1049 occide,-

230 1093 383 1152 rant,
450 1077 773 1138 recentibus
830 1074 973 1135 odiis
1033 1076 1364 1156 compositae
1418 1090 1569 1137 sunt.
1655 1074 1797 1138 Inde
1857 1078 2160 1141 consilium

231 1174 373 1235 mihi
411 1196 593 1256 pauca
636 1174 709 1234 de
737 1177 1031 1255 Auguste,
1075 1188 1133 1232 et
1175 1178 1436 1234 extrema
1468 1175 1728 1234 tradere:
1774 1196 1916 1260 mox
1943 1178 2159 1238 Tiberii

231 1271 635 1354 principatum,
682 1284 739 1330 et
774 1285 992 1342 cetera,
1016 1268 1136 1329 sine
1171 1268 1258 1329 ira
1303 1283 1360 1331 et
1405 1246 1616 1346 stucsio,
1662 1293 1914 1353 quorum
1963 1294 2161 1336 causas

232 1369 437 1450 procul
466 1368 668 1429 habe0.
689 1370 709 1405 ⁷

317 1558 375 1608 2.
420 1549 810 1617 POSTQUAM,
840 1524 1025 1606 Bruto
1048 1559 1105 1605 et
1146 1543 1343 1608 Cassio
1379 1546 1560 1622 caesiS,
1587 1547 1747 1608 nulla
1766 1550 1887 1631 jam
1931 1548 2160 1629 publica

233 1642 457 1723 arma38
498 1644 807 1725 Pompeius
835 1645 989 1724 apud
1019 1643 1297 1706 Siciliam9
1341 1666 1683 1726 oppressus;
1730 1660 2022 1727 exutoque
2053 1648 2160 1706 Le·
2255 1635 2257 1645 ²

233 1829 297 1875 A.
334 1826 392 1874 C.
431 1832 510 1874 81.
546 1826 606 1873 ad
631 1836 806 1873 annum
844 1822 960 1880 675.
998 1828 1061 1874 A.
1083 1826 1141 1875 C.

234 1899 316 1948 78.
405 1895 618 1957 Uterque
661 1893 919 1956 majoribus
958 1894 1144 1942 virtuti-

234 1964 322 2010 bus
345 1977 402 2008 ac
427 1962 569 2018 vitiis,
591 1961 739 2023 quam
764 1971 819 2008 ut
841 1961 960 2021 ferre
988 1971 1143 2026 posset

232 2044 471 2077 senescens
496 2029 782 2092 respublica.

250 2215 254 2219 ,
302 2162 320 2186 ¹
347 2159 608 2227 Crassique.
626 2164 714 2212 Cn.
732 2164 987 2228 Pompeius
1005 2165 1144 2229 Mag-

231 2248 338 2291 nus,
367 2233 439 2280 M.
466 2233 678 2280 Licinius
714 2234 925 2291 Crassus,
962 2234 1020 2281 C.
1055 2234 1144 2281 Ju-

229 2299 326 2349 lius
383 2299 556 2358 Caesa'r,
610 2301 942 2349 dominationis
1000 2301 1143 2360 avidi,

232 2368 504 2427 arctiorem,
523 2367 670 2431 quam
696 2370 841 2416 bonos
863 2370 985 2416 cives
1009 2370 1144 2415 dece-

212 2446 321 2494 ¹ret,
356 2436 631 2484 societatem
676 2436 820 2484 iniere
870 2439 934 2484 A.
979 2437 1039 2484 U.
1084 2437 1142 2484 C.

178 2562 184 2567 ο
235 2501 354 2560 698.
377 2508 438 2552 Α.
464 2505 522 2552 C.
549 2507 630 2551 55.
652 2505 847 2552 Crassus
874 2504 924 2550 in
955 2504 1141 2552 Parthis

232 2572 376 2635 periit
430 2571 656 2634 inglorius
710 2574 775 2620 A.
810 2572 889 2619 U.
928 2572 984 2619 C.
1026 2577 1143 2626 701.

231 2642 296 2686 A.
310 2640 368 2687 C.
387 2644 467 2688 52.
485 2639 766 2702 Pompeium
787 2639 1072 2686 pharsalicis
1092 2639 1141 2686 in

233 2707 417 2770 campis
457 2708 573 2754 vicit
596 2708 755 2754 Caesar
775 2709 838 2754 A.
863 2707 924 2754 U.
943 2707 1000 2754 C.
1027 2703 1140 2760 706.

174 2787 203 2801 ·‘
231 2775 296 2821 A.
341 2775 398 2839 C.
439 2779 520 2829 47.
605 2774 765 2822 Caesar
820 2775 919 2837 ipse
976 2775 1142 2822 Romae

233 2842 505 2889 trucidatus
563 2851 632 2889 est
700 2844 764 2890 A.
799 2842 864 2889 U.
902 2839 958 2890 C.
1026 2846 1141 2895 710.

232 2911 298 2956 A.
322 2909 379 2957 C.
404 2915 486 2957 43.

302 2973 324 2995 ²
349 2976 447 3032 Qui
470 2983 638 3024 cuncta
661 2975 912 3024 discordiis
931 2976 1140 3024 civilibus

221 3044 373 3106 fessa.
445 3046 509 3092 Et
549 3045 610 3092 ob
651 3044 699 3091 id
741 3045 803 3091 ad
847 3045 1141 3091 domandum

233 3112 469 3169 faciliora,
498 3111 749 3173 fraenique,
785 3118 839 3159 ut
874 3111 942 3158 ita
964 3112 1141 3172 dicam,

231 3179 538 3243 patientiora.
576 3178 817 3227 [Muretus.

303 3241 322 3269 ³
349 3247 551 3293 Nomine
588 3246 843 3309 Principis.
934 3245 1142 3293 Fuerant

235 3313 403 3363 Romae
468 3313 704 3377 principes
767 3309 971 3368 senatus,
1014 3313 1143 3377 prin-

233 3381 363 3444 cipes
388 3382 624 3443 equitum,
644 3381 730 3428 viri
751 3381 1010 3443 principes.
1047 3381 1145 3428 Ita-

234 3464 329 3510 que
353 3464 447 3494 non
469 3448 773 3495 ambitiosum
798 3447 1036 3510 Principis
1059 3463 1142 3493 no-

234 3530 374 3562 men:
410 3517 491 3562 sed
525 3517 586 3562 ad
629 3515 813 3577 imperii
853 3515 1142 3562 diuturnita-

235 3589 330 3629 tem
354 3592 401 3629 ct
421 3583 734 3638 securitatem,
747 3582 1142 3630 accommodatis-

232 3650 452 3715 simum*
497 3651 554 3699 Iu
605 3649 849 3710 aedilitate,
876 3648 1140 3714 „pram-21,

1253 1827 1450 1891 ipsoque
1491 1796 1742 1875 consulatu
1782 1829 1934 1888 mcy'us
1980 1826 2160 1890 aliquid

1251 1901 1297 1942 et
1355 1895 1589 1943 ercelsius.
1674 1892 1804 1942 Infra.
1845 1894 2021 1942 Annal.
2070 1909 2157 1942 111.

1251 1967 1332 2014 53.

1250 2378 1375 2416 ratas
1398 2369 1674 2432 reipublicae
1697 2369 1894 2416 virtutes
1916 2386 2157 2417 commen·

1251 2439 1346 2485 det.

1316 2502 1336 2530 ⁵
1360 2503 1565 2568 Caiique.
1622 2503 1745 2563 Caii,
1766 2503 1911 2568 vulgo
1931 2504 2047 2552 dicti
2065 2505 2157 2553 Ca·-

1248 2570 1426 2635 ligulae.

1315 2635 1336 2660 ⁶
1370 2638 1437 2685 Ob
1479 2645 1645 2687 metum
1663 2639 1828 2704 falsoe.
1901 2639 1964 2687 Et
2002 2650 2160 2688 metue

1248 2714 1297 2774 (ft
1316 2707 1483 2754 odium
1507 2707 1843 2770 impedimento
1873 2715 1982 2754 sunt
2011 2707 2159 2754 histo·-

1249 2773 1369 2821 riam
1389 2782 1639 2821 contexere
1659 2773 1942 2822 volentibus·
2011 2775 2155 2824 Metu
2243 2796 2251 2833 ς·

1249 2841 1318 2898 fit,
1354 2852 1409 2888 ut
1442 2858 1551 2888 vern.
1585 2842 1740 2889 dicere
1776 2857 1870 2888 non
1913 2842 2153 2899 audeant3

1249 2909 1375 2966 odio,
1394 2917 1448 2956 ut
1468 2909 1707 2957 interdum
1731 2908 1848 2957 salsa
1868 2909 2169 2972 confingant-N
2232 2919 2257 2960 ς’

1248 2972 1489 3024 Muretus.

1317 3037 1340 3069 ⁷
1363 3044 1542 3090 Procul
1564 3043 1719 3108 liabeo.
1777 3042 1842 3090 I-Ii
1869 3043 1994 3090 enim
2018 3043 2157 3107 Prin<
2240 3035 2250 3094 ἰ

1249 3110 1394 3174 cipes,
1438 3127 1520 3157 nec
1560 3109 1790 3173 beneficio,
1835 3127 1918 3158 nec
1972 3107 2154 3173 injuria
2235 3106 2268 3147 3

1247 3178 1419 3224 Tacito
1443 3178 1636 3240 cogniti.
1708 3178 1838 3224 Infra
1859 3178 1984 3224 l-list.
2010 3193 2046 3225 1.
2075 3184 2118 3225 1.

1315 3241 1336 3269 ⁸
1360 3244 1557 3292 Publica
1613 3261 1759 3292 arma.

1250 3449 1477 3507 bertatem
1497 3463 1631 3493 suam
1659 3446 1935 3494 vindicaret.

1314 3512 1336 3540 ⁹
1358 3514 1503 3576 Apud
1523 3512 1749 3561 Siciliam.
1799 3514 1985 3570 Florus,
2005 3525 2077 3559 IV.
2101 3515 2163 3561 8..
2227 3505 2253 3580 ’1

1250 3580 1406 3631 Tantd
1430 3581 1545 3627 mole
1569 3580 1677 3628 belli
1707 3580 1896 3642 penitus
1917 3579 1965 3626 in
1990 3579 2154 3626 Siculo
2230 3581 2251 3643 ,ξῑ

1227 3645 1370 3713 frete
1377 3648 1575 3712 juvenis
1606 3664 1850 3711 oppressus
1877 3647 2158 3702 esn--Pezt-
2224 3647 2249 3702 ²5

1314 2027 1340 2055 ⁴¹
1367 2029 1414 2077 V
1411 2030 1550 2078 eteris
1572 2028 1750 2093 popvli.
1803 2028 1966 2077 Novos
1987 2023 2158 2091 mores,
2194 2063 2198 2066 -
2249 2046 2258 2092 '2

1247 2113 1423 2145 novum
1449 2098 1685 2162 populum
1735 2097 1909 2145 fecerat
1931 2106 2034 2147 tum
2065 2115 2158 2158 ars,
2242 2114 2264 2161 5·

1249 2173 1354 2214 tum
1376 2166 1546 2218 inertia
1568 2166 1826 2214 Caesarum.
1881 2164 2010 2214 Hinc
2035 2173 2157 2214 vete·

1249 2234 1318 2281 ris·
1332 2232 1495 2297 populi
1519 2232 1836 2296 appellatione
1871 2233 2025 2281 utitur
2060 2234 2156 2282 Ta·
2244 2261 2256 2287 ῃ

1251 2302 1391 2360 citus,
1416 2307 1471 2348 ut
1502 2311 1675 2348 veteres
1711 2315 1768 2348 ac.
1807 2301 1951 2348 ferme
1988 2302 2158 2351 oblite·
2247 2301 2255 2345 {⁴

1255 3303 1260 3306 1
1619 3303 1621 3305 1
1834 3245 1977 3292 Caesis
2029 3243 2152 3292 Julii
2230 3276 2234 3298 ,-

1249 3312 1444 3373 Caesaris
1465 3312 1862 3370 interfectoribus,
1908 3311 2045 3359 nulla
2079 3312 2153 3358 fu·

1247 3391 1385 3433 erunt
1409 3379 1686 3442 reipublicae
1710 3396 1857 3437 arma,
1893 3379 2070 3441 quibus
2095 3379 2152 3425 li-
2228 3379 2249 3426 ’ἲ
