2268 3964
391 160 1329 217 AD'⁴L113111.ANN.C.CORN.
1365 155 2004 211 TACIT1.4*451

50 299 409 362 cmitesimur‘n,
431 315 648 357 uxorem
674 294 916 349 duxisset.
989 290 1118 344 Inde
1143 292 1286 346 bona
1313 288 1403 342 illa
1440 287 1670 342 vacantia
1690 286 1992 368 dicebantur

52 406 265 464 quoque
296 389 512 455 caduca,
538 390 680 460 quod
701 391 798 442 sub
823 385 1172 440 conditionem
1197 384 1455 437 caderent.
1530 381 1587 434 N
1591 400 1651 434 ec
1687 381 1740 434 in
1775 359 1992 435 coelibes·

56 483 276 549 tantum,
300 484 391 536 sed
413 482 568 536 etiam
604 482 658 535 in
698 481 909 534 maritos
950 478 1059 532 sine
1096 476 1272 531 liberis
1308 475 1776 532 animadvertebant
1813 472 2011 564 leges·-

54 579 192 633 unde
206 576 242 633 J
248 576 491 642 uvenaliS,
519 593 539 629 1
549 594 609 629 x.
629 581 717 629 85.

682 771 908 826 Foribus
928 771 1173 844 suspende
1195 791 1408 826 coronas

202 873 332 930 Jam
350 881 511 945 pater
532 891 609 932 es‚·
649 871 881 926 dedimus
904 869 1219 944 quodfer-ma:
1244 889 1495 942 opponere
1509 869 1690 941 possis·

200 972 346 1027 Jura
363 972 600 1043 parentis
622 970 801 1024 habes:
831 979 1049 1042 propter
1070 989 1149 1024 me
1171 970 1409 1023 scriberis
1432 969 1588 1035 IzereS,

201 1055 459 1146 Legatum
482 1089 630 1124 omne
653 1070 811 1143 capiS,
830 1089 920 1130 nec
936 1089 1045 1143 non·
1065 1078 1114 1124 et
1137 1069 1286 1124 dulce
1304 1069 1570 1144 caducum.

203 1169 487 1226 Commoda
505 1152 1063 1242 praeterecijuuguntur
1085 1168 1252 1224 multa
1279 1168 1500 1231 caducis‘,

197 1269 267 1324 Si
289 1289 574 1333 numm-um,
595 1269 644 1324 si
666 1278 767 1324 tres
791 1269 1084 1343 implevero·

53 1467 238 1544 Itaque
257 1469 299 1524 si
316 1469 430 1543 quis
454 1481 600 1542 pater
617 1479 767 1534 esset,
786 1466 957 1523 statim
977 1464 1251 1538 privilegiis
1270 1476 1542 1537 parentum
1563 1468 1819 1537 utebatur,
1842 1451 2007 1530 heres*

50 1564 392 1629 scribebatur,
418 1563 588 1634 legata
612 1563 905 1633 caducaque
928 1560 1193 1631 capiebat:
1232 1559 1274 1613 si
1295 1560 1416 1613 vero
1439 1579 1710 1613 numerum
1730 1559 1989 1631 impleret,

48 1656 107 1720 id
130 1668 225 1724 αἱ,
260 1657 301 1711 si
335 1670 436 1711 tres
459 1656 648 1710 liberos
685 1655 1007 1725 susciperet,
1024 1664 1143 1707 tunc
1178 1653 1385 1706 caducis
1416 1653 1579 1707 multa
1608 1654 1991 1726 jungebantur;

50 1748 308 1805 scilicet
294 1770 348 1803 in
382 1749 779 1820 magistratibus,
819 1765 1101 1819 eorumque
1144 1745 1423 1816 insignibus
1472 1745 1779 1812 obtinendiS,
1813 1747 1990 1818 potior

52 1842 359 1910 habebatur,
377 1854 435 1897 ut
458 1843 653 1898 dictum
678 1860 835 1912 supra
858 1839 1049 1894 Annal.
1078 1858 1166 1893 ιι.
1161 1848 1274 1894 51.
1351 1838 1486 1892 Vide
1509 1849 1562 1892 et
1587 1838 1839 1906 Dionem,
1865 1857 1989 1894 ωτι.

40 1955 112 2014 ,9.
159 1943 286 1997 578.
361 1935 617 2016 Gellium,
662 1954 729 1988 11.
787 1944 868 1991 15.
956 1933 1243 1988 Antonium
1291 1932 1645 2003 Augustinum
1684 1933 1748 1985 de
1790 1932 1990 2003 legibus

54 2028 332 2095 Romanis,
351 2050 406 2102 p.
430 2038 503 2085 74
520 2041 572 2083 et
595 2049 703 2101 seq.
728 2048 787 2082 ac
812 2025 1035 2082 maxime
1056 2027 1355 2099 Gravinam,
1384 2026 1586 2098 Origin.
1602 2026 1637 2082 J
1644 2026 1745 2080 uris
1772 2026 1907 2080 civil.
1933 2048 1990 2102 p.

40 2124 167 2186 '556
189 2135 240 2177 et
264 2143 372 2196 seq.
447 2122 625 2177 Multa
647 2122 802 2176 etiam
826 2123 984 2176 habet
1014 2120 1223 2192 Lipsius
1248 2122 1312 2174 ad
1349 2122 1484 2174 hunc
1527 2119 1698 2174 Taciti
1738 2120 1914 2185 locum
1937 2120 1992 2174 iu

51 2231 277 2288 ‘pxcursu
316 2217 382 2272 C.
425 2215 584 2270 Plura
617 2227 668 2269 et
707 2199 1086 2270 accuratissima
1126 2214 1365 2269 Laeviuus
1386 2212 1692 2268 Torrentius
1716 2214 1770 2268 iu
1795 2199 1992 2281 addita-

43 2300 62 2325 ⁴'
113 2308 243 2365 entis
266 2311 330 2364 ad
362 2309 662 2377 Horatium,
687 2330 740 2381 p.
768 2317 892 2368 755.
969 2307 1163 2362 Postea
1178 2309 1268 2381 jus
1311 2307 1363 2361 in
1399 2308 1604 2361 caducis
1642 2306 1674 2360 a
1699 2303 1990 2383 populo'ad

44 2391 51 2397 ¹
96 2423 244 2458 scum
272 2402 532 2475 Principis
557 2402 672 2473 lege
697 2403 949 2457 Antonini
992 2402 1289 2456 translatum
1316 2412 1408 2467 est,
1433 2413 1490 2454 ut
1522 2402 1675 2454 docet
1715 2381 1990 2473 Ulpianus]

59 2519 62 2523 ’
113 2496 195 2550 ide
237 2495 536 2562 Gravinam‚
562 2495 676 2550 libr.
702 2495 789 2550 cit.
827 2516 882 2568 p.
922 2498 1048 2551 608.
1123 2495 1216 2562 At,
1242 2495 1362 2548 cum
1397 2506 1501 2547 tam
1527 2514 1695 2547 acrem
1714 2494 1766 2548 in
1797 2495 1992 2550 maritis
2023 2509 2028 2515 ·

74 2590 260 2666 egibus
283 2589 645 2662 promovendis
668 2588 984 2661 diligentiam
1009 2589 1196 2655 videaS,
1222 2587 1338 2641 inde
1364 2589 1526 2642 foedas
1560 2587 1719 2642 Urbis
1757 2588 1991 2644 libidines

57 2694 231 2753 ⁴rgue,
269 2703 333 2737 ne
372 2683 513 2748 verb,
551 2694 609 2737 ut
650 2681 1019 2737 recentioribus
1064 2682 1372 2755 quibusdam
1406 2682 1740 2753 scriptoribus
1780 2682 1990 2754 placuit,

51 2775 359 2830 ‘coelibatum
395 2775 692 2847 reipublicae
716 2774 849 2830 bene
886 2776 1176 2831 constitutae
1217 2775 1467 2830 adversari
1507 2773 1782 2830 existimes.
1860 2777 1994 2831 Suas

54 2868 158 2940 'psi
196 2869 410 2939 virgines
449 2869 674 2924 habuere
724 2869 977 2925 Romani:
1017 2871 1241 2923 habuere
1282 2855 1488 2942 quoque
1518 2870 1771 2940 AEgyptii,
1799 2869 1994 2937 Graeci,

50 3075 57 3126 j
91 3053 338 3120 elebraffl,
357 3057 589 3122 sentiam,
616 3056 794 3128 paucis
819 3056 1061 3129 aperiam.
1138 3057 1379 3117 Quatuor
1405 3054 1567 3110 ferme
1600 3069 1717 3111 sunt
1748 3056 1997 3111 coelibum

70 3156 264 3202 encra.
338 3148 444 3202 Alii
471 3163 683 3222 propter
707 3150 1024 3221 religionem,
1061 3151 1147 3204 alii
1172 3162 1382 3222 propter
1418 3150 1688 3205 utilitatem
1714 3151 1996 3223 publicam,

91 3239 147 3294 lii
192 3254 405 3313 propter
444 3241 752 3310 libertatem,
793 3244 878 3298 alii
925 3258 1139 3316 propter
1202 3245 1544 3315 voluptatem,
1585 3242 1616 3297 a
1671 3244 1998 3299 matrimonio

62 3396 67 3405 ‚
93 3335 333 3388 bstinent.
412 3335 541 3390 Duo
567 3337 738 3407 priora
765 3335 949 3408 genera
975 3340 1190 3392 retineat
1225 3357 1438 3408 reguum
1465 3335 1595 3391 bene
1633 3338 1999 3402 constitutum}

115 3445 166 3479 ιο
196 3428 477 3498 posteriora
501 3430 758 3483 acerrimis
774 3430 980 3501 ¹legibus
1006 3442 1260 3485 coerceat.
1338 3431 1473 3485 I-laec
1493 3431 1628 3485 enim
1654 3431 1706 3485 in
1731 3431 2002 3486 detrimen-

198 3533 245 3573 et
273 3521 491 3575 dedecus
517 3521 720 3593 imperii
740 3526 958 3578 cedunt:
1001 3524 1087 3578 illa
1108 3523 1307 3595 imperii
1330 3525 1581 3597 majestati
1603 3537 1653 3579 ct
1674 3524 2003 3597 prosperitati

75 3613 358 3694 serviunt.
445 3612 583 3670 Vere
623 3616 776 3686 euim,
820 3636 915 3687 nec
965 3630 1233 3690 suspectus
1278 3618 1438 3686 testis,
1487 3616 1682 3692 Illustr.
1744 3619 2003 3687 Baconus,

64 3020 73 3027 ,⁷
124 2962 321 3034 terique
346 2962 706 3034 sapientissimi
731 2964 931 3036 populi.
1007 2963 1148 3024 Quid
1170 2963 1268 3016 hac
1291 2962 1343 3015 in
1369 2983 1440 3027 re,
1462 2973 1540 3017 tot
1563 2963 1994 3034 disputationibus
2088 3020 2090 3025 ,
