2268 3964
77 241 129 296 J.
152 245 213 294 c,
240 237 320 290 16.
519 228 905 286 ANNALIUM
938 228 1146 280 mez
1179 229 1563 282 SECUNDUS.
1944 236 2023 293 95.

80 381 127 413 “
152 375 266 435 bus
302 381 656 442 occurreret,
692 385 770 426 ne
802 362 1004 446 pulsos
1026 375 1355 444 premeret:
1398 364 1502 422 sed
1546 362 1647 424 ubi
1682 363 2028 427 miscuerint.

78 477 127 507 ‘⁶
153 484 381 541 manus5
428 465 596 525 inane
643 461 808 524 victis
847 474 1159 521 ventorum
1205 476 1623 539 remorumque
1675 463 2029 525 subsidium.-

80 572 128 604 “
153 563 555 627 Meminissent
623 559 805 620 modo
877 556 1150 629 avaritiae,
1225 555 1597 629 crudelitatis,
1657 560 1943 638 superbiae
1964 564 2020 620 :¹
2082 564 2085 570 ’

83 667 129 699 “
151 660 312 721 aliud
353 659 459 721 sibi
506 657 820 737 reliquum,
861 651 1044 734 quim
1085 667 1284 712 tenere
1331 652 1675 728 libertatem,
1721 670 1822 716 aut
1869 657 2023 719 mori

82 765 131 795 ‘⁶
156 772 291 820 ante
314 756 612 819 servitium
628 753 697 814 ?''

175 959 272 1013 16.
315 953 426 1013 Sic
473 964 806 1009 Accsusos
856 959 915 1006 et
953 941 1224 1026 praelium
1270 958 1572 1025 poscentes
1619 944 1681 1005 in
1723 949 2023 1029 campum,

84 1048 182 1112 cui
201 1046 518 1110 Idistaviso
543 1047 818 1118 nomen,²
859 1044 1158 1104 deducunt
1180 1064 1199 1102 :
1243 1041 1291 1102 is
1311 1042 1538 1102 medius
1556 1041 1707 1102 inter
1726 1043 2024 1128 Visurgim

81 1159 146 1208 et
162 1144 364 1219 colles,
405 1159 471 1204 ut
497 1143 638 1225 ripae
667 1141 920 1203 fluminis
944 1140 1184 1214 cedunt,
1217 1154 1316 1200 aut
1333 1138 1716 1219 prominentia
1735 1142 2027 1203 montium

84 1241 377 1317 resistunt,
428 1241 790 1322 inaequaliter
845 1238 1142 1299 sinuatur:
1202 1235 1358 1318 ponc
1402 1239 1646 1318 'tergum
1694 1238 2030 1320 insurgebat

83 1339 297 1422 sylva,³
336 1338 501 1400 editis
526 1339 587 1398 in
618 1339 802 1399 altum
822 1337 1018 1410 ramiS‚
1062 1349 1120 1415 et
1147 1333 1296 1418 pura
1317 1334 1535 1394 humo4
1574 1334 1724 1394 inter
1749 1337 2029 1397 arborum

86 1450 346 1498 tmncos.
459 1438 754 1516 Campum
803 1448 862 1495 et
914 1433 1131 1515 prima⁵
1195 1432 1513 1514 sylvarum,
1578 1433 1827 1494 barbara
1878 1433 2031 1495 acies

87 1532 273 1595 tenuit
290 1555 311 1594 τ
368 1533 479 1595 soli
525 1531 808 1596 Cherusci
849 1534 993 1614 juga
1031 1531 1319 1605 insedere,
1365 1543 1433 1590 ut
1475 1529 1866 1611 praeliantibus
1904 1531 2030 1591 Ro.
2082 1563 2085 1566 ·

87 1629 275 1692 mariis
313 1631 563 1711 desuper
596 1631 974 1691 incurrerent.
1058 1630 1278 1691 Noster
1312 1628 1601 1689 exercitus
1642 1627 1722 1688 sic
1760 1627 1987 1688 incessit
2005 1648 2028 1689 τ

85 1726 395 1791 mxiliares
444 1727 626 1802 Galli,
670 1728 1069 1809 Germanique
1104 1726 1166 1787 in
1206 1725 1431 1787 fronte:
1476 1740 1607 1808 post
1633 1746 1782 1807 quos
1809 1725 2032 1807 pedites

86 1824 360 1908 sagittarii
378 1845 399 1885 z
441 1823 578 1885 dein
610 1839 863 1906 quatuor
889 1824 1167 1907 legioneS‚
1212 1837 1270 1884 et
1311 1844 1450 1885 cum
1478 1823 1703 1883 duabus
1747 1823 2035 1903 praetoriis

89 1921 450 1997 cohortibus,
489 1940 558 1983 ac
584 1922 810 1984 delecto
839 1923 1031 2004 equite
1060 1924 1297 1986 Caesar:
1342 1921 1481 1982 exin
1516 1920 1760 2005 totidem
1793 1919 1922 1980 aliae
1949 1920 2035 1981 le-¹

89 2019 317 2102 giones,
358 2033 418 2080 et
459 2016 600 2080 levis
639 2035 930 2081 armatura
957 2040 1095 2082 cum
1132 2019 1323 2101 equite
1356 2018 1667 2101 sagittari0‚
1705 2031 2038 2099 ceteraeque

91 2116 387 2179 sociorum
439 2117 727 2179 cohortes.
838 2119 1099 2180 Intentus
1135 2111 1513 2201 paratusque⁶
1553 2116 1740 2191 milae,
1775 2129 1843 2176 ut
1882 2115 2034 2187 ordo
2119 2134 2122 2137 ’

102 2212 348 2298 agminis
382 2213 445 2277 in
469 2214 652 2277 aciem
674 2214 987 2278 adsisteret.

184 2412 282 2475 17.
326 2409 498 2471 Visis
522 2410 960 2474 Cheruscorum
987 2410 1251 2488 catervis,
1292 2432 1427 2495 quae
1464 2431 1572 2493 per
1591 2407 1873 2504 ferociam
1897 2429 2036 2491 pro-

1114 2594 1331 2654 explicat
1355 2594 1621 2666 Eccardus,
1640 2594 1708 2642 ib.
1807 2631 1817 2635 -

1177 2659 1204 2690 ⁴
1248 2661 1383 2712 Pura}
1426 2663 1576 2710 humo.
1657 2662 1788 2709 Sino
1812 2659 2033 2724 virgultis

1112 2729 1314 2793 aliisque
1337 2730 1524 2778 viarum
1550 2729 1916 2794 impedimentis.

1178 2795 1198 2826 ⁵
1225 2796 1441 2863 Campum
1483 2804 1530 2846 et
1556 2798 1728 2862 primu.
1800 2794 2031 2844 Germani

1114 2866 1326 2930 bipartiti
1350 2881 1579 2930 campum
1613 2875 1660 2913 et
1696 2865 1854 2928 prima
1876 2863 2032 2927 sylva-

1112 2949 1220 2981 rum
1245 2943 1453 2982 tenuere.
1526 2932 1758 2980 Cherusci
1797 2932 1920 2980 iuter
1943 2931 2030 2978 hos

1112 3001 1255 3048 medii
1271 3001 1392 3064 juga
1414 2999 1658 3073 Luerbcrg
1676 3010 1723 3048 et
1737 3000 1795 3047 N
1794 2999 2028 3064 esselberg

1117 3069 1344 3118 insedere.

169 2586 187 2612 ¹
204 2588 532 2652 Cndelitatis,
549 2594 786 2658 superbiat.
834 2593 1012 2643 Memi-

97 2657 276 2722 nissetit
289 2659 432 2708 modo
446 2660 676 2722 avaritiae,
691 2661 1011 2721 crudelitatis,

98 2725 334 2791 superbiae
359 2726 604 2776 Romanae.
672 2729 885 2778 Aliudne
920 2731 1011 2778 sibi

101 2792 363 2857 reliquum,
378 2793 529 2859 quem
553 2804 710 2847 tenere
727 2796 1014 2859 libertatem,

101 2868 189 2909 tut
214 2862 333 2910 mori
358 2870 467 2910 ante
486 2863 755 2914 servitium?

55 2956 67 2965 .
170 2923 194 2949 ²
219 2926 312 2977 Cui
334 2929 591 2979 Idistaviso
612 2947 789 2982 nomen.
844 2932 1016 2991 Quan-

101 3003 207 3044 mm
246 3011 307 3043 ex
352 2996 651 3047 Cornelianae
683 2999 1015 3067 descriptionis

102 3074 151 3112 et
171 3063 390 3113 locorum
430 3066 613 3114 ratione
649 3083 843 3133 possum
885 3069 1017 3117 adse·

100 3131 208 3196 qui,
229 3146 261 3195 p
390 3144 495 3182 tum
518 3133 641 3182 inter
674 3136 908 3202 oppidum
935 3134 1016 3185 Ol-

102 3197 252 3247 dendo
337 3209 388 3248 et
419 3215 596 3265 pagum
618 3200 849 3263 Stemern,
883 3204 1014 3252 haud

104 3265 278 3329 procul
350 3268 412 3315 ab
483 3283 595 3317 arce
656 3268 1015 3337 Schawenbnrg.

105 3332 392 3383 Memoriam
409 3335 565 3401 campi
584 3335 833 3386 Idistavisi
852 3339 1015 3389 adhuc

102 3408 271 3448 extare
322 3401 371 3450 in
409 3404 601 3451 nomine
639 3404 764 3452 arcis
811 3405 1016 3471 Eisdorp

102 3469 331 3530 opinatur
367 3469 619 3519 Cluverius
648 3470 815 3521 Germ.
847 3474 1014 3538 Antiq.

108 3549 195 3583 ιιι.
242 3541 319 3584 14.
359 3553 409 3600 p.
453 3541 569 3586 554.
656 3538 923 3599 Eccardus,
964 3557 1012 3606 p.

103 3606 222 3657 291.
245 3603 293 3651 in
317 3603 506 3653 nomine
526 3606 700 3654 montis
722 3605 936 3656 Dcister.

172 3664 195 3695 ⁸
237 3670 522 3737 Insui-gebat
564 3673 715 3738 sylva.
808 3674 1012 3725 Herculi

104 3733 413 3801 Germanico,
433 3756 518 3791 seu
535 3739 766 3793 Tuisconi
788 3758 941 3806 sacra,
963 3754 1018 3793 ut

1180 3131 1205 3158 ⁶
1229 3135 1450 3185 Intentus
1466 3142 1767 3200 paratusque.
1828 3134 1914 3192 Ut,
1932 3131 2033 3182 viso

1113 3202 1247 3252 hoste
1270 3215 1358 3252 aut
1377 3204 1509 3268 signo
1535 3202 1565 3250 ὲ
1589 3203 1714 3251 duce
1738 3203 1869 3259 dato,
1891 3217 2033 3249 omne

1113 3287 1280 3334 agmen
1295 3287 1452 3336 presso
1473 3271 1594 3335 pede
1609 3269 1868 3327 adsisteret,
1884 3271 2034 3318 staret

1116 3339 1220 3387 acie
1248 3335 1446 3397 structa,
1474 3337 1635 3387 stabili
1674 3353 1733 3386 ac
1771 3337 1923 3395 firma,
1958 3337 2033 3383 vel

1113 3407 1349 3454 incessum
1369 3407 1552 3455 sisteret
1571 3405 1772 3454 formatst
1809 3405 1915 3453 acic
1949 3412 2037 3451 aut

1115 3474 1349 3522 militibus
1388 3474 1436 3522 in
1489 3473 1641 3538 gradu
1679 3474 1919 3521 stantibus
1967 3472 2030 3518 ud

1116 3541 1298 3590 hostem
1326 3540 1665 3606 excipiendum
1703 3550 1789 3588 aut
1814 3540 2034 3588 invaden-

1115 3609 1259 3656 dum:
1318 3609 1510 3672 qualem
1574 3609 1809 3658 incessum
1862 3607 2039 3656 descri-

1070 3752 1075 3760 ff
1118 3676 1187 3727 bit
1213 3675 1408 3727 Sallust.
1432 3676 1544 3741 Jug.
1570 3680 1651 3733 49.
