2268 3964
877 141 1316 198 PRAEFATIO.
1488 226 1491 229 .
1925 144 2049 198 xxix

118 316 297 385 forte
346 315 643 406 collegit,
697 312 867 381 dum
899 309 1268 380 literariam
1315 310 1812 402 supellectilem
1847 337 2050 404 para·
2146 319 2156 327 ⁴

117 435 268 518 bat,
301 437 411 505 vel
459 435 833 503 subsecivis
867 433 1072 515 horis,
1125 442 1207 500 ut
1239 431 1453 498 taedia
1484 433 1715 500 otiave
1763 433 2046 503 falleret.

122 555 392 626 Periere
417 583 436 635 3
487 580 618 624 nec
648 578 983 645 magnum
1016 563 1122 620 est
1155 576 1390 620 earum
1423 551 1866 622 desiderium.
1961 556 2050 624 Id

118 680 307 747 enim
338 679 708 747 literaturae
745 699 957 768 genus
988 676 1090 742 ita
1120 674 1163 742 a
1206 684 1521 766 tempore
1550 677 1850 766 locoque
1881 699 2050 767 pen-

120 798 265 880 det,
322 808 405 867 ut
454 800 572 867 vix
623 820 961 888 umquam
1011 797 1181 865 alios
1232 797 1568 878 homineS,
1621 797 1790 865 alios
1827 821 2051 866 mores

119 921 317 989 ferat.
418 918 756 1011 Dialogus
791 918 882 986 de
909 915 1320 986 Oratoribus
1355 926 1570 1000 extat,
1605 919 1727 986 sed
1759 942 2053 989 mancus

119 1052 333 1132 atque
363 1040 811 1133 imperfectus
836 1049 1036 1131 parte
1062 1038 1252 1107 haud
1278 1039 1575 1132 exigua,¹
1610 1048 1704 1120 et,
1730 1040 1823 1107 ob
1850 1046 2055 1110 natu-

117 1182 268 1231 ram
331 1185 584 1243 rerum,
649 1183 809 1251 quae
872 1161 972 1228 ibi
1038 1162 1545 1241 tractabantur,
1630 1161 2053 1252 gravissima.

122 1281 613 1375 Disputationi
656 1286 741 1351 ea
789 1306 998 1375 super
1037 1306 1110 1351 re
1142 1282 1403 1351 habitae
1446 1282 1755 1364 TacituS,
1778 1281 2055 1374 juvenis

74 1429 79 1433 ·
117 1402 554 1484 admodum,¹
585 1404 1012 1484 interfuerat,
1042 1403 1205 1472 cum
1242 1403 1350 1472 M.
1381 1405 1650 1495 Aprum
1682 1413 1755 1471 et
1785 1401 1834 1474 J
1838 1402 2056 1470 ulium

121 1524 527 1594 Secundum
583 1504 1133 1594 adsectabaturz'
1162 1547 1316 1592 eam
1354 1521 1623 1616 postea,
1655 1524 2054 1614 requirente

118 1643 327 1717 Justo
381 1644 626 1726 Fabio,
691 1646 906 1714 literis
970 1645 1355 1728 mandavit,
1419 1647 1670 1715 iisdem
1725 1643 2054 1727 numeriS,

121 1765 392 1847 iisdem,
468 1787 643 1856 quas
706 1766 1044 1848 audierat,
1112 1767 1542 1836 rationibus.³
1636 1762 1750 1836 Ibi
1817 1763 2058 1835 tamen

118 1891 378 1982 passim
427 1914 628 1959 suum
683 1888 922 1981 prodit
968 1890 1346 1981 ingenium,
1398 1888 1712 1959 nondum
1770 1887 2057 1981 quidem

21 2047 32 2090 ⁴,
118 2014 239 2083 illa
290 2013 650 2094 brevitate,
709 2033 870 2102 quae
925 2012 998 2078 in
1031 2009 1426 2079 Annalibus
1481 2011 1764 2092 eminet,
1808 2011 2057 2078 subac-

24 2192 34 2234 5,
120 2144 293 2216 tum,
325 2134 447 2203 sed
470 2135 621 2225 jam
653 2133 987 2215 validum,
1021 2141 1093 2201 et
1124 2133 1215 2204 ad
1249 2135 1426 2202 altos
1459 2155 1694 2201 sensus
1728 2148 2052 2224 pronum.

4 2256 6 2258 ’
122 2254 341 2349 Apud
394 2256 690 2347 picturae
743 2255 1048 2324 curiosos
1100 2257 1327 2347 prima
1371 2277 1802 2325 summorum
1850 2250 2059 2321 artifi-
2142 2241 2146 2245 ’

30 2465 47 2478 .
117 2402 279 2448 cum
311 2378 732 2446 lineamenta
763 2377 1287 2471 diligentissime
1316 2372 1813 2446 adservantur:
1863 2371 2054 2443 haud

0 2480 34 2537 ³⁷
118 2500 370 2568 minori
398 2499 623 2592 pretio
672 2500 865 2592 apud
901 2500 1258 2569 literarum
1292 2501 1631 2570 amatores
1665 2497 1878 2567 debet
1909 2517 2056 2564 esse

116 2622 251 2690 hoc
330 2620 688 2691 clarissimi
743 2622 1002 2715 ingenii
1067 2624 1444 2714 specimen.
1525 2620 1764 2715 sNihil
1824 2640 2056 2687 moror

0 2736 22 2820 ‚⁵
116 2741 462 2835 quosdam
495 2743 685 2812 hunc
710 2744 966 2813 librum
993 2744 1244 2814 Tacito
1270 2743 1727 2834 abjudicasse,
1752 2732 2049 2810 utillum

119 2864 607 2945 Quinctiliano
685 2866 923 2935 aliisve
985 2868 1389 2937 tribuerent.
1505 2864 1833 2957 Pugnant
1889 2882 2054 2929 con-

103 2986 397 3077 jecturis
429 2986 759 3055 adversus
792 3012 1007 3056 manu
1043 2990 1465 3081 scriptorum
1495 2986 1820 3056 codicum
1866 2989 2053 3051 vete-

191 3270 207 3295 ·
244 3264 419 3320 Tacit.
436 3265 727 3339 Dialog.de
745 3268 893 3323 Orat.
910 3252 1029 3340 cap.
1127 3269 1263 3325 Vide
1287 3279 1339 3324 et
1366 3268 1731 3341 Appendicem
1756 3263 2053 3341 Chronolo-

192 3381 204 3393 .
1127 3344 1314 3415 gicam.

187 3412 212 3437 ⁸
245 3409 416 3465 Tacit.
442 3412 565 3466 ibid.
586 3433 703 3485 cap.
736 3422 779 3467 l.
819 3414 942 3468 Hac
967 3416 1031 3468 de
1200 3415 1218 3444 ³
1257 3415 1426 3472 Tacit.
1451 3413 1593 3471 Dial.
1609 3415 1672 3468 de
1689 3412 1839 3471 Orat.
1861 3430 1976 3482 cap.
2001 3419 2045 3463 1.

113 3503 167 3538 re
190 3484 349 3539 fusius
363 3484 557 3542 dictum
572 3485 623 3540 in
639 3498 746 3542 not.
765 3497 816 3540 et
829 3489 1029 3541 emend.

114 3344 184 3393 ³5
