2268 3964
228 195 323 245 132
769 216 771 219 ι
830 186 887 235 c.
923 183 1258 235 conNssLn
1291 181 1524 234 TAcrrl
1769 189 1833 234 A.
1856 187 1919 235 U
1943 189 2000 237 c
2025 194 2142 246 772

222 318 532 406 provinciae
551 310 1017 399 'praetendebatur
1037 307 1072 391 3'
1102 307 1446 396 levavitque,
1473 307 1681 395 apertis
1697 316 1939 392 horreiS‚
1968 310 2154 399 pretia

223 418 500 501 frugum:
547 415 842 494 multaque
877 413 938 472 in
985 413 1197 493 vulgus
1239 426 1400 493 grata
1447 414 1761 492 usurpavit,
1803 407 1924 474 sine
1971 415 2152 477 milite
2221 437 2233 478 .-;;
2253 399 2263 486 ἶ,

223 516 514 586 incedere,
576 512 817 592 pedibus
857 509 1101 581 intectis,
1158 521 1215 567 et
1275 507 1398 587 pari
1459 529 1597 567 cum
1640 503 1867 570 Graecis
1914 512 2152 587 amictu,

226 615 292 675 Ρ.
339 607 618 690 Scipionis
665 605 1092 667 aemulatione-¹
1050 649 1068 678 ,
1156 624 1333 684 quem
1371 603 1580 663 eadem
1615 600 1953 668 factitavisse
1996 609 2161 688 apud
2210 603 2232 669 s
2259 606 2265 673 J-

228 707 498 779 Siciliam,
528 702 786 801 quamvis
835 700 1112 781 flagrante
1138 699 1329 760 adhuc
1369 701 1691 760 Poenorum
1730 703 1909 776 bello,
1937 705 2157 785 accepi-
2222 700 2261 762 ἢ

229 826 376 865 mus·
462 796 750 871 Tiberius,
799 797 960 856 cultu
1010 793 1324 876 habituque
1369 798 1490 877 ejus
1532 796 1755 859 lenibus
1795 793 2002 860 verbis
2025 823 2156 881 per-
2214 796 2223 822 ⁴

227 901 447 994 strict0,
484 895 760 958 acerrime
806 892 1133 974 increpuit,²
1162 894 1326 973 qubd
1359 908 1560 952 contra
1585 894 1837 955 instituta
1879 899 2158 980 Augusti,
2227 959 2230 962 ,

230 1018 351 1057 non
371 1008 572 1075 sponte
588 992 888 1072 PrincipiS‚
906 989 1358 1050 Alexandriam
1336 990 1654 1051 1ntroisset:
1675 1012 1810 1051 nam
1831 996 2157 1076 AugustuS‚
2220 992 2229 1044 s

232 1095 380 1153 inter
407 1092 513 1152 alia
540 1089 939 1150 dominationis
961 1092 1205 1162 arcana,³
1235 1088 1440 1161 vetitis,
1467 1088 1574 1149 nisi
1602 1089 1906 1170 permissu,
1932 1086 2157 1173 ingredi
2223 1127 2229 1145 .-
2258 1111 2263 1161 .j

232 1189 587 1251 senatoribus
642 1200 741 1246 aut
796 1185 1081 1266 equitibus
1141 1185 1421 1244 Romanis
1477 1185 1856 1282 inlustribus,4
1909 1188 2163 1283 seposuit
2222 1182 2231 1238 f

235 1284 611 1369 AEgyptum:
642 1304 715 1343 ne
743 1280 896 1342 fame
939 1296 1173 1364 urgeret
1208 1282 1449 1355 Italiam,
1493 1282 1748 1363 quisquis
1777 1303 1905 1342 earn
1931 1284 2162 1363 provin·
2220 1318 2229 1354 ς
2260 1279 2263 1286 ’

236 1383 406 1456 ciam,
455 1382 814 1465 claustraque
856 1394 1026 1440 terrae
1075 1401 1140 1440 ac
1170 1379 1394 1452 mariS,⁵-
1439 1379 1700 1460 quamvis
1743 1379 1854 1441 levi
1895 1380 2177 1461 praesidio
2225 1371 2230 1434 ἶ

236 1479 550 1540 adversum
577 1476 838 1560 ingentes
865 1475 1152 1537 exercitus
1179 1475 1491 1536 insedisset.

321 1685 420 1736 60.
465 1677 594 1737 SED
627 1676 1108 1749 GERMANICUS,
1129 1675 1392 1735 nondum
1421 1666 1721 1754 comperto
1747 1671 2179 1754 profectionem
2261 1702 2264 1707 -

239 1764 366 1834 eam
386 1771 654 1845 incusari,
681 1771 822 1831 Nilo
850 1765 1295 1846 subvehebatur,
1325 1787 1494 1831 orsus
1527 1771 1743 1851 oppido
1783 1791 1819 1829 a
1863 1767 2168 1867 Canopo.⁶
2216 1848 2220 1855 Ι

242 1868 574 1931 Condidere
614 1868 674 1927 id
713 1867 995 1948 Spartani,
1034 1871 1110 1928 ob
1160 1869 1450 1948 sepultum
1502 1868 1616 1927 illic
1661 1882 1948 1928 rectorem
2009 1867 2170 1928 navis
2220 1859 2222 1862 ¹
2254 1882 2260 1933 ζ

243 1968 587 2045 Canopum·
572 2011 589 2040 ,
654 1986 770 2045 qua
817 1979 1150 2046 tempestate
1188 1967 1491 2026 Menelaus
1541 1964 1835 2026 Graeciam
1864 1978 2170 2046 repetem,

243 2063 536 2122 diversum
583 2061 656 2120 ad
713 2082 870 2121 mare
891 2066 913 2099 ⁷
962 2077 1297 2143 ¹terramque
1351 2062 1595 2144 Libyam
1654 2061 1925 2143 dejectus.
2027 2062 2172 2121 Inde

241 2158 577 2238 proximum
635 2157 816 2218 amnis
872 2179 938 2218 os
1001 2159 1251 2220 dicatum
1306 2157 1594 2234 Herculi?
1638 2180 1815 2239 quem
1882 2157 2170 2240 indigenae
2229 2156 2261 2239 J.

241 2262 460 2316 ortum'
481 2255 636 2336 apud
683 2276 743 2314 se
793 2268 869 2315 et·
892 2256 1348 2338 antiquissimum
1390 2257 1732 2338 perhibent;
1785 2276 2021 2336 eosque,
2035 2285 2043 2290 v·
2071 2253 2171 2336 qui

316 2394 332 2416 ¹
359 2395 419 2442 P.
445 2393 677 2458 Scipionis
707 2396 1011 2445 oemulatz'one.
1083 2398 1161 2445 De
1252 2414 1309 2446 ac
1355 2398 1498 2445 maris
1534 2397 1760 2454 claustra,
1802 2395 1909 2443 laevi
1948 2394 2172 2459 praesidio

245 2460 338 2510 haic
364 2463 601 2525 Scipionis
622 2461 839 2509 Africani
862 2463 1160 2513 humanitate

1253 2466 1476 2513 adversus
1499 2466 1704 2528 ingentes
1743 2463 1984 2510 exercitus
2015 2461 2173 2508 defen-
2225 2480 2228 2482 ·
2255 2463 2258 2516 J

247 2531 467 2592 queritur
509 2530 684 2576 Fabius
734 2529 985 2578 Maximus
1028 2534 1160 2597 apud

249 2597 461 2654 Livium,
485 2612 649 2644 xxix.
685 2601 763 2652 19.
801 2598 882 2643 sed
904 2598 1162 2647 immerito.

249 2663 462 2727 Populos
482 2671 667 2711 exteros
694 2679 962 2727 numquam
985 2667 1160 2714 certius

249 2731 460 2778 devincit
489 2731 642 2777 victor
663 2739 711 2778 et
748 2730 990 2794 Princeps,
1015 2733 1179 2795 quam·

248 2798 363 2845 cum
384 2805 550 2845 eorum
589 2813 741 2845 mores
763 2799 842 2844 ‘ac’
874 2799 1036 2848 cultus
1056 2801 1165 2847 imi-

252 2873 399 2911 tatur.

317 2926 340 2950 ²
378 2930 620 2978 Acerrime
667 2931 915 2995 increpuit.
1010 2935 1075 2983 Et
1115 2935 1164 2982 in

249 3000 353 3062 ipso
375 3005 557 3056 senatu,
576 3007 692 3046 teste
711 3000 844 3047 Suet.
864 3001 914 3047 in
935 3001 1166 3049 Tib.1.11.

319 3061 338 3089 ³
387 3034 732 3113 Domiviationis
775 3083 969 3117 ateana.
1038 3069 1167 3116 Vide

250 3139 350 3180 not.
373 3138 421 3178 et
441 3133 626 3179 emend.
651 3133 713 3179 ad
738 3135 867 3181 Ann.
891 3150 954 3182 ιι
966 3140 1057 3193 59

316 3198 341 3225 4
363 3199 611 3260 Equitibus
634 3199 855 3249 Romams
874 3201 1166 3250 inssustribus.

253 3265 452 3328 Equites
465 3265 671 3314 illustres
687 3283 810 3330 saepe
825 3283 1057 3317 memorat
1073 3270 1167 3317 Ta-

252 3334 395 3380 citus.
432 3332 471 3378 Ii
493 3342 619 3389 sunt,
643 3336 726 3396 qui
749 3350 944 3382 censum
969 3345 1017 3384 et
1035 3352 1166 3400 spem

251 3399 474 3447 senatorii
528 3399 705 3446 ordinis
762 3402 1019 3451 habebant.
1090 3404 1166 3451 De

253 3481 398 3515 censu
472 3467 706 3513 senatorio
781 3469 966 3517 dictum
996 3464 998 3466 ’
1022 3486 1167 3534 supra

255 3550 362 3594 cap.
386 3537 467 3579 33.

323 3597 342 3627 ³
368 3598 588 3647 Claustra
611 3608 752 3649 terroe
766 3618 821 3649 ac
842 3605 1001 3652 maris.
1027 3606 1166 3653 Ostia

256 3667 381 3728 Nili,
404 3674 452 3715 ct
489 3667 741 3730 Isthmum,
763 3686 872 3734 quae
895 3681 1006 3721 sunt
1030 3680 1165 3722 terrae

1254 2533 1363 2580 dere
1385 2533 1590 2595 quisque
1612 2540 1814 2596 poterat.

1320 2595 1569 2663 ‘'Canopo·
1639 2600 1883 2662 Canopus,
1920 2598 2032 2644 urbs
2056 2593 2172 2644 infe
2191 2646 2195 2653 Δ
2256 2623 2263 2651 ι,

1255 2667 1389 2714 rioris
1414 2667 1625 2730 AEgypti,
1648 2667 1710 2712 ad
1748 2666 1925 2713 ostium
1966 2665 2174 2727 Canopi-

1257 2750 1387 2792 cum,
1450 2734 1690 2797 Serapidis
1748 2730 1928 2795 templo
1982 2732 2172 2780 nobilis.

1260 2801 1408 2849 Nunc
1432 2802 1612 2848 dicitur
1631 2800 1858 2848 Aboukz'r.
1927 2798 2054 2847 Vide
2075 2811 2176 2847 not.
2198 2802 2201 2805 ’

1257 2881 1305 2915 et
1326 2869 1510 2916 emend.
1538 2868 1599 2915 ad
1622 2871 1751 2915 Anu.
1775 2881 1837 2914 11.
1861 2861 1944 2913 60.
2240 2872 2245 2894 ·’

1292 2932 1310 2960 ⁷
1329 2936 1581 2983 Diversum
1603 2935 1666 2982 ad
1686 2951 1828 2982 mare.
1866 2934 1923 2981 Id
1940 2939 2025 2993 est,
2043 2933 2174 2996 quod

1257 3011 1376 3050 esset
1420 3004 1470 3050 in
1515 3000 1756 3050 coutraria
1797 3000 1941 3064 plaga
1976 3001 2037 3059 ei,
2077 3002 2176 3064 qua
2252 3051 2258 3064 ⁴

1259 3079 1391 3127 esset,
1415 3069 1545 3131 quod
1582 3071 1788 3132 petebat.
1861 3068 1943 3116 Sic
1981 3067 2176 3125 diversa
2244 3077 2260 3130 J·

1243 3137 1476 3202 fenestrae
1498 3137 1628 3199 apud
1654 3136 1886 3184 Ovidium
1920 3135 1970 3181 in
2005 3137 2176 3183 Amor.
2242 3135 2250 3169 f

1260 3203 1343 3266 qui
1369 3220 1493 3267 saepe
1514 3204 1607 3251 hoc
1628 3205 1772 3251 verbo
1795 3204 1864 3250 ita
1883 3202 2055 3250 utitur.
2092 3203 2175 3251 Sic
2238 3198 2268 3254 Q*-

1261 3284 1348 3318 111.
1370 3276 1416 3318 2.
1442 3271 1626 3318 diversa
1643 3270 1827 3334 oppida.
1898 3269 2039 3316 ERN.
2253 3268 2263 3284 ’·

1328 3333 1347 3363 ⁸
1394 3337 1457 3384 Os
1500 3338 1706 3385 dicatum
1747 3336 1968 3384 Herculi.
2054 3335 2178 3385 Urbi
2238 3326 2268 3401 ‘j

1261 3405 1459 3468 Canopo
1480 3407 1758 3468 proximum
1771 3420 1822 3451 os
1840 3403 1944 3451 Nili-
1967 3402 2177 3467 Canopi·

1260 3488 1389 3529 cum,
1446 3488 1576 3519 nune
1634 3469 1867 3519 Dfezenia.
1937 3469 2197 3522 meatum,

1184 3583 1186 3585 ,
1259 3547 1360 3586 erat
1384 3539 1586 3587 Herculi
1610 3554 1723 3587 cum
1748 3537 1929 3601 templo
1966 3546 2015 3584 et
2055 3538 2178 3584 urbe
2207 3582 2209 3584 ,
2240 3532 2268 3594 ἴζ

1797 3605 1986 3665 Strabo,
2032 3617 2176 3653 xvu.
2241 3615 2268 3653 ξι

1258 3603 1414 3653 vicina
1460 3606 1706 3654 Heraclio.

1258 3688 1305 3735 p.
1336 3678 1450 3723 801.
1489 3673 1771 3722 Heiaclium
1793 3671 1956 3736 periit.
