2268 3964
226 202 324 248 302
830 193 886 243 e.
924 193 1253 244 CORNELII
1289 194 1515 246 merri
1723 268 1725 270 ,
1773 203 1835 250 A.
1861 200 2003 252 uc,
2028 206 2147 259 782,

224 332 362 397 actis
381 333 398 360 ¹
444 328 698 390 delectus
726 324 761 386 a
791 325 1042 398 Caesare,
1085 325 1274 405 eoque
1317 327 1707 397 meditationes
1735 334 1855 414 ejus
1883 334 2145 419 introspi.

227 453 359 494 cere
387 428 670 490 creditus:
716 424 762 484 is
782 422 936 483 fatali
965 422 1218 501 quodam
1246 437 1408 482 motu
1439 426 1656 506 (neque
1685 429 1838 488 enim
1859 432 1989 492 ante
2021 456 2147 514 spe-

227 530 415 590 cimen
443 522 771 585 constantiae
801 518 1064 594 dederat)
1109 540 1210 578 seu
1247 519 1424 598 prava
1457 523 1708 597 solertia,
1754 526 1917 600 dum,
1961 530 2148 590 immi·
2234 599 2238 606 „f

227 623 488 685 nentium
517 620 747 696 oblitus,
791 618 1005 676 incerta
1033 630 1221 695 pavet,
1262 615 1511 678 inserere
1539 641 1599 679 se
1629 621 2037 698 dubitantibus,
2079 647 2147 686 ac

227 740 465 782 monere
510 715 773 777 consules
815 719 856 747 “
885 733 960 771 ne
996 712 1330 771 relationem
1370 713 1684 794 inciperent
1705 719 1767 776 :''
1816 719 2148 782 disserebat-

225 839 366 899 que,
408 821 450 850 ιε
477 813 746 873 brevibus
774 809 1078 887 momentis
1106 830 1332 868 summa
1363 811 1507 869 verti
1544 834 1747 891 posse3
1797 817 2148 897 quandoque
2247 885 2250 891 ὓ

227 920 271 949 “
303 909 636 975 Germanici
655 913 674 934 ²
716 907 972 986 stirpem,
995 904 1093 964 ubi
1115 905 1359 985 spatium
1386 908 1736 986 poenitentiae
1765 912 1933 986 senis,
1963 935 2152 973 resur·

229 1016 272 1047 ‘⁶
300 1009 501 1092 gere.''
589 1004 772 1065 Simul
802 1002 1050 1082 populus
1078 1001 1290 1082 effigies
1318 1003 1657 1083 Agrippinae
1686 1027 1751 1066 ac
1773 1008 2025 1069 Neronis
2052 1034 2149 1092 ge·
2232 1020 2268 1084 :³

226 1116 390 1179 rens,
432 1099 792 1164 circumsistit
835 1099 1075 1170 curiam,
1103 1096 1375 1178 festisque
1412 1099 1472 1157 in
1504 1102 1795 1161 Caesarem
1840 1106 2149 1182 ominibuS,
2242 1167 2245 1174 ,

229 1211 272 1258 ‘.‘
301 1201 470 1263 falsas
498 1201 707 1271 literaS,
751 1210 807 1257 et
833 1195 1096 1274 Principe
1134 1195 1311 1254 invito
1334 1196 1572 1256 exitium
1601 1199 1949 1283 domuisejus
1970 1202 2151 1263 inten-

227 1307 270 1336 “
300 1299 423 1373 di,”
457 1296 739 1357 clamitat:
783 1293 860 1352 ita
886 1292 1025 1350 nihil
1055 1291 1212 1351 triste
1239 1292 1339 1351 illo
1362 1293 1452 1352 die
1480 1308 1783 1373 patratum.
1870 1299 2153 1360 Fereban-
2227 1294 2265 1380 '4

227 1412 325 1458 tur
338 1394 516 1456 ‘etiam
545 1394 651 1452 sub
673 1390 1000 1450 nominibus
1028 1390 1414 1470 consularium
1438 1391 1588 1451 fictae
1630 1391 1690 1451 in
1727 1395 1999 1475 Sejanum
2028 1417 2151 1457 sen·
2256 1382 2265 1458 ¹f

227 1492 442 1564 tentiae,
479 1487 885 1576 *exercentibus
911 1485 1199 1565 plerisque
1240 1507 1345 1566 per
1372 1487 1689 1562 occultum,
1719 1504 1889 1570 atque
1918 1491 1990 1552 eb
2020 1512 2152 1573 pro.

230 1590 447 1663 celcius,
490 1586 783 1645 libidinem
826 1582 1229 1664 ingeniorum:
1284 1583 1439 1643 unde
1475 1584 1555 1644 illi
1603 1585 1688 1646 ira
1729 1586 2053 1664 violentior,
2097 1605 2154 1652 et
2226 1586 2237 1673 ζ

229 1685 493 1749 materies
515 1680 872 1753 criminandi,
904 1685 945 1714 “
969 1694 1226 1759 spretum
1249 1680 1511 1740 dolorem
1526 1682 1803 1763 Principis
1819 1687 1890 1745 ab
1913 1701 2110 1748 senatu
2131 1712 2151 1763 5
2224 1714 2231 1722 »
2255 1677 2266 1711 '³

233 1790 278 1819 “
307 1780 606 1843 descivisse
632 1778 953 1859 populum;
1000 1776 1181 1836 audiri
1218 1779 1338 1858 jam
1375 1792 1431 1837 et
1469 1778 1583 1860 legi
1620 1799 1797 1840 novas
1826 1783 2153 1860 concioneS,

232 1887 277 1916 “
305 1899 455 1939 nova
481 1891 711 1958 patrum
748 1874 1042 1935 consulta:
1089 1873 1229 1955 quid
1270 1875 1581 1955 reliquum,
1625 1876 1732 1936 nisi
1780 1891 1845 1938 ut
1888 1894 2157 1959 caperent
2221 1879 2265 1954 ᾗ,

235 1983 279 2012 “
308 1973 570 2035 ferrum?
614 1986 669 2032 et
698 1993 950 2052 quorum
992 1971 1267 2053 imagines
1311 1988 1418 2052 pro
1460 1973 1686 2034 vexillis
1725 1974 1904 2036 secuti
1941 1971 2154 2053 forent,
2229 1981 2249 2058 ξς,-

239 2080 282 2110 “
311 2073 486 2133 duces
514 2070 1000 2151 imperatoresque
1028 2069 1346 2151 deligerent
1365 2068 1431 2130 ?''

251 2290 254 2293 ’
320 2291 380 2344 5.
423 2281 666 2342 IG1TUR
698 2280 915 2354 Caesar,
944 2279 1193 2361 repetitis
1219 2280 1531 2342 adversum
1558 2294 1829 2362 nepotem
1857 2295 1914 2343 et
1941 2301 2156 2343 nurum

237 2378 485 2462 probriS,
506 2378 896 2459 increpitaque
918 2400 1023 2459 per
1044 2378 1295 2439 edictum
1316 2379 1507 2459 plebe,
1524 2393 1759 2459 questus
1774 2379 1928 2460 apud
1948 2394 2159 2460 patres,
2215 2382 2261 2438 'A'

239 2484 284 2512 ‘⁶
311 2476 476 2558 qubd
522 2472 726 2535 fraude
772 2475 941 2536 unius
989 2475 1261 2535 senatoris
1307 2475 1670 2556 imperatoria
1706 2478 1965 2557 majestas
2003 2475 2160 2537 elusa

240 2581 284 2610 ‘⁶
311 2572 540 2654 publice
570 2570 742 2644 foret,
785 2571 1008 2653 integra
1035 2586 1227 2631 tamen
1255 2571 1358 2632 sibi
1388 2573 1636 2632 cuncta'’
1665 2572 2007 2652 postulavit:
2051 2592 2159 2634 nec

239 2671 390 2730 ultra
418 2669 833 2741 deliberatum,³
865 2667 1202 2748 quominus,
1246 2689 1365 2728 non
1403 2668 1640 2750 quidem
1681 2668 1940 2730 extrema
1967 2669 2161 2730 decer-

239 2780 464 2840 nerent,
491 2765 550 2823 id
579 2765 731 2823 enim
758 2764 1021 2837 vetitum,
1064 2765 1165 2824 sed
1195 2771 1236 2799 “
1265 2778 1491 2846 paratos
1518 2765 1592 2826 ad
1620 2764 1900 2826 ultionem
1925 2765 1982 2826 vi
2009 2764 2163 2847 prin·
2237 2774 2256 2889 ξ

241 2869 284 2898 “
312 2861 454 2943 cipis
476 2862 780 2941 impediri''
811 2875 1153 2922 testarentur
1167 2865 1276 2910 4-

2207 2653 2210 2656 ⁴
2254 2618 2262 2643 5

2250 2671 2262 2683 7,

319 3082 359 3120 ⁴¹
408 3084 737 3148 Componendis
775 3093 965 3148 patrum
1022 3077 1182 3135 actis.'
1250 3094 1437 3150 paratos
1483 3103 1577 3133 esse
1620 3087 1681 3134 ad
1723 3084 1968 3143 ultionem,
2011 3092 2061 3132 at
2117 3080 2166 3134 vi
2234 3075 2268 3122 ’ὃ

2241 2694 2252 2711 “ι.

2240 2889 2249 2940 ἓ

2241 2949 2254 2968 θ

2239 2975 2254 3022 ξι

240 3152 367 3200 Vide
409 3152 507 3199 not.
544 3162 589 3198 et
625 3154 808 3200 emend.
858 3155 919 3201 ad
954 3157 1081 3201 Ann.
1109 3171 1156 3202 v.
1251 3154 1486 3217 Principis
1508 3153 1743 3216 impediri.

2191 3195 2217 3207 l
2255 3200 2265 3210 ¹2

242 3227 291 3267 4.
359 3218 432 3266 Ibi
455 3221 512 3266 de
537 3220 861 3267 Romanorum
885 3223 1002 3269 actis
1029 3222 1157 3269 dice·
1314 3220 1337 3246 ⁴
1358 3221 1586 3285 Inzpediri
1604 3227 1907 3269 testarentur.
1931 3215 2030 3268 Hic
2052 3234 2163 3266 cum
2240 3218 2268 3273 31

242 3299 337 3337 tur.
1246 3302 1434 3335 summo
1459 3288 1704 3335 literarum
1725 3303 1783 3335 ac
1802 3287 2007 3336 historiae
2025 3285 2167 3334 detti·
2237 3298 2268 3346 325

309 3352 330 3372 ²
368 3353 652 3417 Quandoque
695 3355 979 3403 Germanici.
1004 3356 1156 3419 §Vide
1248 3366 1406 3402 mento
1441 3355 1681 3417 perierunt
1711 3363 1867 3402 cetera.
1900 3361 2011 3402 acta
2054 3352 2166 3400 anni
2238 3350 2268 3417 1-1

240 3427 341 3468 not.
363 3436 410 3468 et
430 3423 615 3467 emend.
638 3423 698 3469 ad
724 3425 849 3470 Ann.
875 3439 924 3468 v.
948 3428 996 3469 4.
1249 3428 1363 3477 782.
1399 3431 1510 3469 acta
1529 3422 1690 3470 omnia
1722 3426 1838 3475 783.
1872 3430 1920 3470 et
1939 3421 2167 3485 pleraque

308 3483 328 3512 ²
366 3488 472 3535 Nec
515 3489 645 3537 ultra
683 3490 999 3538 deliberatum.
1051 3491 1154 3537 Nec
1247 3491 1355 3536 anni
1401 3494 1517 3543 784.
1606 3490 1683 3536 Ne
1720 3497 1792 3536 tot
1830 3497 2170 3551 tantarumque
2240 3488 2268 3516 “⁷''

241 3554 372 3602 ultra
393 3555 704 3603 deliberatum
722 3556 977 3620 quominus
998 3557 1158 3604 decer·
1247 3573 1404 3604 rerum
1458 3555 1687 3604 memoria
1738 3555 2024 3612 aboleretur,
2078 3568 2165 3619 pro
2217 3587 2219 3589 -
2263 3547 2268 3562 ¹

239 3630 417 3680 nerent,
456 3636 549 3668 non
592 3623 786 3686 quidem
828 3631 1068 3681 extrema3
1105 3625 1153 3671 id
1245 3625 1424 3671 viribus
1449 3624 1572 3670 hanc
1605 3628 1787 3687 partem
1821 3622 2164 3686 supplevimus,

161 3725 165 3728 .
239 3689 364 3736 enim
406 3688 630 3738 vetitum:
667 3691 747 3738 sed
787 3699 1071 3739 testarentur
1107 3708 1155 3740 se
1246 3692 1291 3737 V
1295 3691 1371 3739 ide
1392 3690 1502 3739 libri
1518 3707 1566 3738 v.
1591 3689 1994 3756 supplementum.
2238 3684 2243 3698 ’
