2268 3964
963 133 1400 190 PRAEFATIO.
2028 138 2152 193 xxiii

208 312 549 377 bonorum
587 325 860 372 sensum
891 301 1112 368 auxit.
1213 301 1457 369 Brevis
1493 303 1778 392 quidem
1814 314 1924 372 est>
1948 306 2142 376 libel-

203 431 354 497 lus:
406 439 480 496 at
527 427 600 494 in
638 446 783 516 quo
834 416 1169 489 aeternum
1222 422 1512 513 egregiae
1565 424 1838 492 virtutis
1891 452 2140 497 monu-

200 560 541 629 mentum,
590 553 663 616 et
685 540 1273 613 absolutissimum
1297 540 1722 613 laudationis
1757 549 2135 639 exemplar,

291 799 593 893 Trajano
630 797 731 866 II.
789 792 1092 874 consule,
1137 817 1324 862 anno
1362 793 1579 864 Urbis
1616 795 1937 865 Conditae
1970 805 2133 868 851.

200 919 709 989 Germanorum
758 940 1003 998 moreS,
1073 917 1277 1008 leges,
1328 942 1654 1009 ususque,
1707 920 1859 1010 pari
1914 921 2135 988 brevi-

193 1052 342 1110 tate
373 1042 783 1132 descripsit‚¹
834 1049 983 1106 tum
1018 1049 1099 1106 ut
1139 1062 1378 1106 eorum
1428 1039 1754 1108 laudibus
1789 1042 2134 1109 attolleret

190 1159 591 1253 ijanum,
642 1161 975 1230 defuncto
1014 1157 1277 1240 Nerva,
1327 1185 1556 1232 rerum
1592 1163 1921 1254 potitum,
1961 1162 2137 1230 Ger.-

188 1282 562 1373 manisque
591 1282 1069 1363 formidatum,
1122 1304 1299 1373 quos
1334 1284 1515 1351 inter
1569 1284 1799 1353 adhue
1832 1285 2132 1377 agebat-3

189 1411 340 1470 tum
373 1414 454 1472 ut
488 1403 784 1486 Urbem,
816 1404 987 1471 luxu
1022 1413 1094 1471 et
1125 1404 1391 1473 deliciis
1426 1406 1744 1488 fractam,
1779 1406 1868 1475 ad
1904 1406 2130 1474 virile-s

187 1546 424 1593 sensus
461 1525 908 1594 aemulatione
940 1536 1372 1616 provocaret.
1458 1525 1625 1595 Plus
1660 1527 1751 1596 ad
1786 1551 1912 1596 nos
1947 1528 2132 1595 utili-

186 1647 351 1716 tatis
404 1631 742 1739 perirenit.
837 1645 1268 1717 Germanica
1317 1649 1508 1717 enim
1555 1649 1863 1730 libertas,
1935 1651 2126 1742 cujus

182 1769 327 1836 vim
405 1768 692 1838 Tacitus
785 1781 1262 1862 praesenserat,
1388 1771 1511 1839 diu
1592 1796 1756 1842 cum
1835 1773 2129 1861 imperio
2229 1768 2231 1770 ’

183 1888 508 1960 Romano
539 1892 827 1973 luctata,
877 1917 960 1962 ac
995 1893 1280 1962 tandem
1317 1895 1587 1976 victrix,
1637 1917 1849 1986 regna
1907 1895 2129 1985 impe·-
2194 1969 2197 1973 ,

182 2011 507 2104 riumque
570 2014 893 2083 condidit
958 2016 1096 2083 suis
1162 2016 1429 2109 legibus
1496 2005 1985 2108 attemperata,
2052 2031 2127 2084 et

180 2134 363 2203 ultra
416 2144 725 2205 veterum
797 2136 1358 2204 dominationum
1430 2138 1839 2204 memoriam
1914 2138 2121 2229 longe

179 2258 648 2347 perennanda.
751 2256 988 2337 Quam
1010 2258 1214 2349 juvat
1246 2267 1599 2326 tantarum
1633 2281 1860 2326 rerum
1914 2259 2122 2351 origi-

175 2401 362 2460 nem,
409 2378 451 2447 a
508 2382 1083 2473 praestantissimo
1141 2382 1478 2474 scriptore
1533 2380 1888 2463 traditam,
1937 2381 2123 2448 evol-

172 2521 331 2569 vere
359 2526 377 2577 ;
427 2502 694 2593 publici
727 2502 1145 2595 privatique,
1179 2526 1321 2595 quo
1360 2504 1643 2584 utimur,
1679 2504 1854 2594 juris
1885 2502 2112 2570 fontes

175 2622 480 2713 aperire3
530 2632 782 2692 nostroe
816 2624 1076 2717 gloriae,
1125 2634 1380 2693 nostrae
1439 2624 1813 2705 felicitatis,
1869 2622 2116 2691 funda-

172 2755 489 2813 mentum
523 2745 725 2814 simul
759 2758 831 2814 et
862 2755 1335 2818 tutamentum
1371 2745 1693 2816 meditari
1723 2746 1736 2818 Ξ

267 2987 397 3058 His
430 2990 782 3061 acerrimae
832 2995 1083 3062 mentis
1139 2994 1467 3086 operibus
1523 2988 1710 3058 haud
1770 2988 2115 3079 impedita

168 3109 298 3178 fori
362 3111 616 3182 studia.
734 3111 1067 3207 Cumque
1144 3114 1300 3185 Afri
1371 3110 1682 3182 Marium
1769 3108 2109 3190 Priscum,

242 3406 258 3430 ¹
283 3402 454 3537 'galeik
479 3405 542 3460 de
567 3404 816 3462 Moribus
839 3406 1090 3464 German.
1255 3406 1278 3430 ²
1312 3404 1485 3462 Tacit.
1509 3403 1634 3458 ibid.
1660 3421 1774 3474 cap.
1802 3406 1891 3461 37.

169 3493 284 3547 cap.
386 3518 399 3531 .
