2268 3964
72 239 121 291 J.
145 239 204 288 c,
233 241 315 294 19.
511 222 896 281 ANNALIUM
931 226 1139 277 L113ER
1174 226 1558 280 SECUNDUS,
1911 241 2010 287 143

75 367 325 440 corum,⁸
352 362 416 424 in
441 359 654 444 quibus
693 357 927 433 interiit,
962 357 1171 441 Magni
1212 357 1539 419 Alexandri
1580 357 1723 423 fatis·
1745 363 2016 448 adaequa.

74 478 224 527 rent.
311 466 356 497 “
381 461 542 521 Nam
583 470 900 538 utrumque
945 474 1193 537 corpore
1240 455 1479 530 decom,
1528 478 1742 539 genere
1782 462 2016 548 insigni,

77 566 123 596 “
151 557 309 620 haud
336 556 597 618 multum
620 554 855 637 triginta
868 572 1051 614 annos
1071 573 1393 636 egressum,
1410 574 1652 615 suorum
1671 556 1885 621 insidiis
1912 583 2016 624 ex-

78 662 124 694 “
152 671 344 718 ternas
367 653 519 714 inter
544 664 748 735 gentes
772 648 1085 712 occidisse.
1129 650 1233 710 sed
1275 650 1434 711 hunc
1467 650 1674 712 mitem
1710 675 1850 737 erga
1875 659 2017 731 ami..

78 759 124 819 ‘,‘
152 773 276 827 cos,
303 750 602 812 modicum
626 748 1012 829 voluptatum,
1035 767 1162 807 uno
1194 747 1585 823 matrimonio,
1612 751 1782 813 certis
1823 752 2018 818 liberis

80 856 125 886 “
152 849 372 932 egisse:
416 867 608 928 neque
643 843 843 907 minus
878 843 1288 926 praeliatorem,
1314 844 1487 907 etiam
1519 846 1567 908 si
1592 849 1882 913 temeritas
1916 854 2018 914 ab-

81 953 125 984 ‘⁶
152 945 350 1020 fuerit,
376 941 841 1026 praepeditusque
869 941 941 1002 sit
959 942 1253 1023 perculsas
1280 955 1367 1002 tot
1394 941 1645 1006 victoriis
1672 948 2020 1012 Germanias

81 1050 126 1079 ‘⁶
152 1042 383 1105 servitio
408 1047 692 1123 premere.
779 1039 968 1121 Quod
994 1039 1043 1101 si
1068 1040 1228 1101 solus
1253 1039 1468 1101 arbiter
1492 1062 1713 1117 rerum,
1733 1043 1787 1105 si
1799 1048 1933 1128 jure
1958 1062 2019 1108 et

79 1146 129 1184 ‘4
153 1138 389 1202 nomine
408 1138 572 1221 regio
590 1136 814 1212 fuisset,
840 1151 1000 1198 tanto
1016 1137 1313 1219 promtius
1340 1138 1752 1200 adsecuturum
1773 1143 2021 1225 gloriam

81 1243 127 1274 ‘⁶
154 1234 392 1311 militiae,
434 1250 719 1318 quantum
762 1235 1091 1311 clementia,
1140 1235 1541 1317 temperantia,
1589 1239 1795 1300 ceteris
1852 1241 2021 1303 bonis

81 1341 126 1374 “
152 1334 369 1396 artibus
395 1332 810 1414 prestitisset?
896 1335 1130 1415 Corpus
1156 1333 1470 1415 antequam
1510 1350 1886 1413 cremaretur,
1913 1357 2023 1400 nu-

81 1434 284 1496 datum
309 1431 372 1492 in
395 1429 528 1491 foro
548 1429 1072 1505 Antiochiensium‚
1099 1429 1200 1511 qui
1230 1431 1394 1492 locus
1435 1433 1750 1513 sepulturae
1777 1434 2021 1496 destina-

81 1533 300 1592 batur.²
399 1526 799 1591 Praetuleritne
853 1526 1116 1588 veneficii
1178 1528 1363 1611 signa,
1417 1530 1632 1611 parum
1683 1531 1940 1593 constitit
1958 1554 1979 1594 t
2001 1538 2021 1568 ²

83 1648 221 1689 nam
249 1642 315 1688 ut
341 1627 471 1709 quis
498 1623 889 1687 misericordia
915 1625 977 1686 in
1000 1625 1444 1700 Germanicum,
1473 1640 1530 1686 et
1556 1627 1873 1707 praesumta
1896 1650 2022 1692 sus-

83 1724 332 1805 picione,
358 1739 459 1786 aut
495 1720 695 1786 favore
732 1723 795 1784 in
837 1722 1106 1786 Pisonem
1134 1723 1395 1804 pronior,
1443 1723 1652 1785 diversi
1686 1724 2022 1809 interpreta-

86 1824 344 1883 bantur.⁴

101 2071 107 2076 .
170 2024 271 2084 74.
315 2017 834 2079 Consum-Arum
865 2016 1001 2079 inde
1026 2016 1176 2079 inter
1213 2018 1454 2102 legatos,
1496 2016 1714 2099 quique
1738 2017 1833 2080 alii
1860 2037 2021 2081 sena-

84 2131 281 2178 torum
321 2114 580 2189 aderant,
627 2120 670 2151 “
700 2115 964 2197 quisnam
989 2115 1174 2198 Syriae
1201 2117 1597 2197 praeficeretur
1616 2117 1682 2175 :''
1724 2129 1783 2176 et
1819 2119 2023 2179 ceteris

87 2211 316 2275 modice
358 2211 514 2287 nisiS,
562 2211 712 2288 inter
753 2211 990 2274 Vibium
1035 2216 1327 2288 Marsum,
1369 2228 1427 2274 et
1470 2214 1584 2275 Cn.
1605 2213 1878 2275 ‘Sentium
1918 2215 2022 2276 diu

48 2331 50 2333 ·
86 2309 435 2393 quaesitum:
480 2308 616 2371 dein
643 2311 877 2373 Marsus
904 2310 1137 2387 seniori,
1165 2326 1223 2373 et
1266 2310 1461 2373 acrius
1498 2310 1756 2371 tendenti
1774 2315 1792 2347 ⁵
1820 2312 2022 2373 Sentio

87 2406 384 2472 concessit.
469 2408 641 2490 Isque
693 2406 971 2471 infamem
1024 2408 1315 2472 veneficiis
1362 2408 1433 2471 ea
1485 2410 1547 2470 in
1601 2409 1919 2491 provincii,
1960 2424 2020 2472 et

86 2503 377 2568 Plancinae
404 2526 724 2587 percaram,
738 2509 974 2571 nomine
1002 2509 1338 2583 Martinam,
1365 2507 1428 2568 in
1454 2509 1663 2569 urbem
1690 2506 1862 2583 misit,
1891 2529 2021 2589 pos-

86 2601 403 2667 tulantibus
445 2602 679 2670 Vitellio
694 2600 718 2634 ⁶
742 2626 811 2669 ac
858 2607 1133 2684 Veranio,
1179 2606 1498 2689 ceterisque
1547 2604 1648 2687 qui
1698 2604 1943 2693 crimina
1963 2620 2021 2677 et

156 2783 606 2851 ‘Propinquitatem
627 2788 766 2838 etium
785 2791 1006 2841 Iocorum.
1102 2790 1150 2840 in
1176 2791 1251 2847 iis,
1277 2790 1356 2854 qui
1377 2788 1595 2838 cardiaco
1606 2789 1762 2838 morbo
1786 2788 2018 2839 obierint.-

89 2853 147 2903 ln
169 2852 239 2919 Sy
240 2853 310 2902 ria
334 2868 554 2904 mortuus
573 2864 643 2904 est
670 2856 1006 2921 Germanich
1102 2865 1305 2924 negatur
1324 2864 1401 2906 et
1389 2874 1555 2907 ·eneno
1573 2851 2026 2906 interemtis.Ce1t2

90 2920 403 2971 Alexander
388 2938 438 2970 in
463 2922 751 2988 Babylonia.
1104 2932 1232 2975 extat
1256 2925 1410 2974 oratio
1438 2924 1634 2983 Vitellii,
1658 2924 1750 2989 qud
1771 2941 1900 2973 reum
1940 2924 2024 2973 Pi-

157 2984 180 3010 ⁸
203 2986 467 3054 Sepulturoe
483 2990 820 3040 destinabatur.
891 2992 1011 3042 Des·
1102 3010 1253 3043 sonem
1299 2995 1400 3058 (jus
1435 2993 1624 3043 sceleris
1657 2993 1892 3058 coarguit,
1939 2994 2023 3042 laeoc

88 3057 335 3106 tinabntur
363 3058 519 3117 busto,
551 3074 651 3123 quo
686 3070 1005 3110 cremaretur·
995 3099 1005 3110 .
1102 3079 1211 3110 usus
1225 3067 1525 3126 argumento:
1549 3062 1793 3125 palamque
1806 3066 2023 3120 testatus,

91 3124 200 3173 vide
223 3124 348 3173 infra
367 3140 477 3191 cap.
504 3130 586 3174 83.
1102 3145 1192 3176 non
1210 3127 1416 3206 potuisse
1455 3129 1509 3177 ob
1533 3145 1751 3179 venenum
1791 3143 1873 3176 cor
1901 3127 2024 3176 Ger-

157 3187 178 3218 ⁸
212 3190 392 3242 Parim
433 3192 667 3243 constitit.
747 3193 896 3243 Haud
939 3195 1010 3243 ita
1100 3197 1272 3245 manici
1313 3195 1514 3244 C·aesa1is
1564 3194 1778 3244 cremari.
1847 3195 2028 3244 Contra

88 3258 301 3309 modeste
323 3258 580 3310 Suetonius
601 3261 650 3308 in
675 3260 812 3322 Caio,
837 3275 874 3311 1.
1138 3281 1272 3313 encre
1326 3264 1472 3313 morbi
1514 3263 1729 3330 dql'ensus
1772 3268 1843 3311 est
1893 3262 2025 3313 Piso.

155 3323 182 3353 ⁴
203 3323 398 3376 Diversi
414 3328 864 3393 interpretabantur.
888 3329 1011 3379 Ger·-
1100 3282 1182 3380 {he
1205 3329 1404 3380 Vitellio
1428 3330 1634 3388 dicetur,
1659 3346 1767 3394 cap.
1790 3346 1888 3396 seq.

89 3394 271 3443 manici
308 3396 523 3458 partibus
553 3394 756 3455 addicti,
789 3413 905 3446 enm
935 3413 1011 3445 ve-
1173 3396 1189 3425 ⁵
1214 3399 1392 3447 Acrius
1423 3398 1648 3447 tendenti.
1721 3398 1871 3462 Syriae
1908 3399 2026 3464 prae'-

90 3460 452 3513 nenointefiiae
464 3463 706 3514 dicebant.
723 3462 1008 3514 inPisoncm
1104 3466 1338 3515 secturam
1363 3467 1523 3515 acrius
1544 3466 1790 3514 ambienti.

91 3530 351 3596 proniores,
395 3528 743 3581 Germanicum
786 3532 1011 3581 cardiaco
1173 3528 1195 3556 ⁶
1225 3531 1434 3583 Vitellio.
1506 3533 1562 3582 Ρ.
1583 3531 1800 3591 Vitellio,
1837 3533 1896 3580 do
1926 3547 2024 3597 quo

89 3596 262 3645 umbo
281 3609 525 3646 mortuum
547 3598 912 3648 contendebant.
954 3600 1009 3648 ld
1102 3617 1251 3666 supra
1275 3600 1452 3650 Annal.
1479 3615 1514 3650 ι.
1537 3605 1619 3657 70.
1676 3601 1801 3649 Vide
1824 3611 2027 3650 stemma.

46 3689 49 3705 e
90 3664 364 3731 accipimus
386 3684 415 3714 a
452 3664 626 3726 Plinio,
664 3682 741 3716 xi.
765 3671 846 3722 37.
883 3669 1011 3716 Sect.
1108 3669 1417 3724 Vite-Uiorum
1444 3669 1570 3719 nist.
1599 3685 1633 3718 ι.
1656 3674 1705 3727 9.

93 3731 175 3785 71.
243 3730 471 3800 Negatur
512 3736 711 3786 cremari
737 3751 872 3801 posse
913 3737 1011 3785 Cor
