2268 3964
599 218 980 270 ANNALIUM
1017 220 1221 269 LIBER
1252 220 1558 272 TERTIUS.
1945 221 2038 274 163

112 230 165 280 J.
189 229 369 279 C.20·'
431 236 438 244 '

114 365 161 397 ‘⁶
186 373 329 430 mm,
369 371 776 432 venenumque
792 350 953 410 nodo
969 349 1216 413 crinium
1242 353 1367 433 ejus
1392 353 1766 427 occultatum,
1794 354 2040 443 neeulla

107 462 160 505 .“
186 454 249 514 in
267 462 513 531 corpore
539 449 704 531 signa
728 447 904 509 sumti
922 446 1079 507 exitii
1106 449 1396 527 reperta.’'
1429 504 1433 506 ,

196 642 257 693 8.
299 634 406 692 Ar
433 631 607 702 P1so,
631 626 928 709 praemisso
948 624 1010 687 in
1037 627 1244 688 urbem
1271 626 1415 701 filio,
1442 627 1701 709 datisqtie
1734 629 2036 706 mandatiS,

55 803 66 822 ⁸
110 749 219 813 per
264 750 400 811 quae
452 725 780 804 Principem
834 722 1104 796 molliret,
1149 723 1223 782 ad
1255 723 1522 784 Drusum
1565 725 1753 807 pergit
1776 751 1797 802 3
1858 749 2036 808 quem

110 828 272 889 haud
315 824 506 887 fratris
546 821 802 883 interitu·
844 834 1093 893 trucem,
1121 820 1302 900 quam
1344 836 1569 883 remoto
1607 821 1823 883 aemulo
1858 824 2036 905 aequi-

110 945 278 986 orem
297 921 403 984 sibi
421 920 701 1001 sperabat.
784 915 1052 976 Tiberius
1080 937 1199 997 quo
1226 916 1518 999 integrum
1535 918 1821 1000 judicium
1847 934 2035 981 osten·

110 1034 280 1093 taret,
326 1031 638 1096 exceptum
666 1012 907 1074 comiter
925 1014 1223 1095 juvenem,
1266 1012 1429 1074 sueta
1457 1036 1597 1096 erga
1622 1015 1772 1076 filios
1797 1014 2034 1079 familia-

110 1137 247 1177 rum
279 1114 500 1174 nobiles
548 1111 881 1172 liberalitate
926 1115 1145 1193 auget.²
1227 1111 1460 1172 Drusus
1493 1112 1708 1187 Pisoni,
1750 1119 1794 1148 “
1822 1113 1870 1174 si
1895 1135 2034 1175 vera

110 1220 155 1248 “
182 1210 375 1272 forent
437 1230 571 1291 quae
611 1210 961 1291 jacerentur,
1018 1207 1378 1288 praecipuum
1439 1208 1500 1268 in
1554 1209 1757 1271 dolore
1775 1214 1791 1245 ³
1859 1232 2034 1272 suum

109 1315 156 1347 “
183 1308 422 1369 locum'’
440 1306 733 1387 roepondit
753 1327 768 1365 ε
801 1311 844 1340 “
867 1286 971 1367 sed
990 1306 1161 1365 malle
1181 1303 1323 1366 falsa
1343 1320 1399 1366 et
1414 1305 1624 1382 inania,
1634 1327 1742 1367 nec
1759 1307 2032 1390 cuiquam

109 1413 154 1443 ‘⁶
183 1422 434 1474 mortem
451 1402 786 1466 Germanici
813 1403 1112 1463 exitiosam
1138 1404 1325 1464 esse.”
1381 1405 1528 1464 Haec
1550 1404 1763 1484 palam,
1784 1420 1842 1465 et
1856 1405 2032 1467 vitato

106 1504 269 1566 omni
310 1516 569 1565 secreto:
612 1521 802 1581 neque
834 1499 1246 1560 dubitabantur
1270 1500 1602 1581 praescripta
1627 1500 1680 1560 ei
1709 1501 1745 1561 a
1771 1502 2029 1577 Tiberio,

107 1602 276 1674 cum,
296 1600 595 1661 incallidus
614 1596 827 1679 alioqui
852 1611 909 1658 et
935 1595 1116 1659 facilis
1137 1594 1398 1680 juventa,
1428 1596 1705 1659 'senilibus
1733 1612 1860 1660 tum
1900 1601 2031 1660 arti-

106 1700 219 1760 bus
245 1711 521 1758 uteretur.
796 1742 802 1746 -
1759 1734 1772 1743 -

190 1871 249 1926 9.
291 1862 464 1937 P1s0‚
489 1860 816 1923 Dalmatico
845 1861 988 1922 mari
1004 1864 1028 1898 ⁴
1066 1860 1350 1935 tramiSSO,
1377 1859 1702 1943 relictisque
1727 1864 1882 1944 apud
1903 1867 2029 1926 An-

105 1981 313 2025 conam
358 1960 621 2034 navibus,
664 1981 769 2040 per
803 1958 1128 2034 Picenum,⁵
1167 1979 1233 2021 ac
1272 1981 1415 2020 mox
1456 1958 1793 2020 Flaminiam
1829 1961 2030 2038 viam,⁶

103 2053 438 2139 adsequitur
475 2055 784 2140 legionem,
812 2075 944 2137 quae
973 2054 1007 2116 ὲ
1036 2055 1331 2117 Pannonia
1357 2055 1418 2117 in
1446 2056 1698 2132 Urbem,
1720 2058 1852 2118 dein
1878 2082 2028 2140 prae..

104 2154 249 2217 sidio
296 2144 562 2229 Africae,⁷
625 2153 979 2215 ducebatur:
1040 2176 1223 2236 eaque
1265 2176 1359 2216 res
1411 2153 1619 2236 agitata
1671 2156 2024 2233 rumoribuS,

170 2313 188 2336 ¹
215 2313 552 2381 Haudfmtris
567 2312 781 2361 interitu.
850 2313 1012 2371 Quem

103 2382 234 2432 haud
271 2394 368 2430 tam
404 2392 590 2430 trucem
616 2381 769 2429 fmtn‘s
803 2380 1012 2440 interitu,

102 2450 253 2515 quam
266 2449 355 2499 sibi
376 2449 649 2515 aequiorcm,
670 2458 851 2496 remoto
864 2464 1013 2496 aemu-

103 2517 152 2566 lo
193 2517 429 2582 sperabat.
520 2516 735 2566 Drusum
780 2530 873 2563 non
916 2526 1014 2564 tru-

103 2601 227 2643 cem,
263 2585 346 2633 sed
380 2582 541 2648 potius
573 2599 768 2647 aequum
808 2584 897 2631 sibi
931 2583 1014 2631 ad-

102 2651 428 2717 piomittcbat.
500 2651 583 2702 Sic
620 2650 744 2699 infra
783 2666 892 2715 cap.
934 2657 1008 2707 17.

102 2720 359 2778 miseratio,
378 2719 513 2784 qucim
537 2719 715 2767 invidia
734 2719 1009 2783 augebatur.

105 2786 303 2836 Sallust.
331 2786 380 2835 in
410 2785 639 2851 Jugurth.
670 2786 728 2834 C.
769 2802 858 2833 mm
895 2786 1012 2847 diffi-

101 2852 263 2902 deretid
289 2853 475 2919 salvi,
527 2870 628 2917 quoe
678 2853 1010 2917 imperavisset,

101 2923 238 2998 quim
260 2922 335 2970 uli
360 2920 586 2969 militibus
613 2924 874 2983 exoequatus
909 2938 1007 2968 cum

99 2997 378 3053 mperatorc
419 2987 545 3037 labos
583 2987 839 3035 colentibus
877 2995 1010 3036 essct.

104 3055 161 3106 ld
181 3066 267 3114 est,
289 3071 378 3103 non
400 3062 495 3104 tam
517 3053 964 3120 diffidentidsuturi.

168 3117 191 3143 ²
234 3120 546 3172 Liberalitate
583 3127 742 3186 auget.
824 3118 1007 3177 Quanti

98 3200 219 3239 esset
250 3199 388 3239 sucta
423 3189 509 3238 illa
542 3188 802 3238 liberalitas
829 3188 1011 3238 incom-

149 3277 160 3290 ο
208 3272 238 3304 u
293 3292 309 3306 ο

99 3269 203 3349 pu}
218 3275 506 3388 P¹toecipuum
544 3324 593 3372 in
633 3322 808 3372 dolore.
880 3324 1010 3373 Dru-

100 3407 180 3441 sus
205 3391 361 3441 Pisoni
378 3391 634 3454 respondit,
649 3392 687 3439 si
711 3407 820 3439 vcra
840 3391 1008 3450 forent,

99 3476 209 3523 quae
231 3460 289 3507 de
312 3474 487 3507 veneno
509 3459 800 3522 jacerentur,
832 3458 929 3507 sore
955 3471 1010 3508 ut

100 3526 373 3590 pnecipuus
397 3526 446 3573 in
469 3524 632 3575 dolore
664 3525 752 3574 sibi
783 3524 919 3575 locus
941 3544 1008 3575 es·

47 3608 49 3610 ·
99 3604 185 3646 set.
205 3593 488 3657 graviusque
509 3593 675 3641 ceteris
694 3595 915 3642 omuibus
939 3594 1008 3642 in-

99 3659 282 3709 doleret
305 3678 362 3710 ac
398 3673 721 3709 succenseret:
758 3660 837 3708 scd
863 3660 1008 3710 malle

99 3725 201 3776 hate
227 3745 321 3777 csse
344 3727 462 3776 salsa
481 3740 528 3777 vt
550 3727 723 3786 inania,
757 3744 845 3777 nec
884 3745 1008 3776 mor·

1109 2323 1204 2363 tem
1227 2314 1505 2363 Germanici
1542 2314 1773 2378 cuiquam
1806 2332 1903 2365 esse
1922 2318 2023 2365 exi·

1110 2384 1295 2432 tiosam.
1387 2382 1532 2441 Quae,
1587 2383 1700 2431 culn
1739 2383 1916 2447 palam,
1972 2395 2020 2435 et

1111 2450 1259 2499 vitato
1313 2450 1439 2498 omni
1497 2460 1693 2506 secreto,
1747 2451 2021 2516 protulisset

1114 2516 1319 2576 Drusus,
1374 2516 1569 2565 minime
1623 2517 1899 2567 dubitatum
1950 2530 2020 2570 cst

1111 2586 1228 2649 quin
1273 2585 1550 2650 praescripta
1593 2584 1643 2640 ὲ·
1663 2584 1857 2633 Tiberio
1900 2593 2019 2636 esset

1109 2651 1333 2711 locutus;
1385 2651 1657 2730 praesertim,
1680 2653 1793 2702 cum
1833 2654 2019 2703 incalli-

1109 2721 1198 2768 dus
1222 2719 1421 2784 alioqui,
1456 2729 1504 2768 et
1524 2719 1676 2768 facilis
1692 2721 1912 2784 juventa,
1948 2739 2018 2771 se-

1106 2787 1283 2835 nilibus
1306 2795 1462 2837 tamen
1485 2787 1668 2835 artibus
1688 2796 1917 2840 uteretur.

1171 2851 1197 2882 ⁴
1238 2855 1507 2903 Dalmatico
1548 2853 1682 2903 mari.
1755 2856 1902 2906 Nunc
1939 2858 2017 2905 the

1103 2921 1291 2988 374!qu
1309 2922 1493 2971 Venice.

1174 2986 1191 3017 ⁵
1230 2989 1469 3039 Picenum.
1539 2989 1687 3038 Nunc
1711 2991 1788 3042 the
1809 2992 2016 3044 marclees

1104 3056 1166 3123 of
1173 3055 1387 3106 Ancona.

1171 3117 1195 3147 ⁶
1218 3122 1650 3176 Flaminiomriam.
1701 3124 1801 3173 Via
1840 3124 2017 3184 Flami·

1104 3190 1186 3239 nia
1215 3191 1246 3239 a
1269 3189 1505 3239 Flaminio
1529 3192 1662 3240 circa
1682 3208 1861 3242 annum
1877 3194 1935 3245 U.
1956 3196 2014 3245 C.

1106 3262 1227 3314 533,
1261 3262 1325 3307 A.
1349 3258 1407 3307 C.
1433 3263 1548 3317 220.
1592 3260 1652 3307 ab
1694 3258 1825 3309 Urbe
1859 3263 2019 3311 Armi-

1105 3325 1255 3386 nium,
1278 3340 1407 3376 nunc
1425 3325 1617 3387 lumini,
1639 3326 1862 3377 deducta.
1906 3330 2018 3378 Piso

1106 3394 1310 3441 Ancona
1332 3393 1393 3441 ad
1417 3393 1595 3452 locum,
1616 3395 1700 3459 qui
1741 3410 1870 3445 nunc
1896 3397 2018 3445 dici-

1106 3470 1186 3508 tur
1207 3459 1324 3509 Case
1353 3459 1601 3526 Brugiate,
1623 3463 1887 3522 contendit,
1928 3465 2017 3514 ibi-

1104 3544 1198 3620 qu⁷e
1217 3528 1343 3643 stipam
1369 3526 1653 3643 {Rammium
1676 3530 1907 3645 ingrcsslus
1927 3541 2014 3582 est.

1291 3611 1395 3653 roesqt
1428 3614 1473 3644 ιο
1583 3612 1705 3645 mccc.
1776 3602 1818 3645 A
1862 3600 2017 3649 verssts

1104 3656 1473 3723 Tacfarinatem,
1493 3599 1671 3728 desque
1694 3662 1884 3721 dicetur
1906 3682 2016 3733 cap.
