<?xml version="1.0" encoding="UTF-8"?>
<!DOCTYPE html PUBLIC "-//W3C//DTD XHTML 1.0 Transitional//EN"
    "http://www.w3.org/TR/xhtml1/DTD/xhtml1-transitional.dtd">
<html xmlns="http://www.w3.org/1999/xhtml" xml:lang="en" lang="en">
 <head>
  <title>
</title>
<meta http-equiv="Content-Type" content="text/html;charset=utf-8" />
  <meta name='ocr-system' content='tesseract 3.04.00' />
  <meta name='ocr-capabilities' content='ocr_page ocr_carea ocr_par ocr_line ocrx_word'/>
</head>
<body>
  <div class='ocr_page' id='page_1' title='image "./operarecognovite01taciuoft_0393.png"; bbox 0 0 2268 3964; ppageno 0'>
   <div class='ocr_carea' id='block_1_1' title="bbox 119 170 2045 232">
    <p class='ocr_par' dir='ltr' id='par_1_1' title="bbox 119 170 2045 232">
     <span class='ocr_line' id='line_1_1' title="bbox 119 170 2045 232; baseline -0.006 0"><span class='ocrx_word' id='word_1_1' title='bbox 119 183 168 232; x_wconf 85' lang='lat' dir='ltr'><strong>J.</strong></span> <span class='ocrx_word' id='word_1_2' title='bbox 195 180 254 230; x_wconf 89' lang='lat' dir='ltr'><strong>C.</strong></span> <span class='ocrx_word' id='word_1_3' title='bbox 276 184 360 228; x_wconf 79' lang='lat'><strong>32.</strong></span> <span class='ocrx_word' id='word_1_4' title='bbox 626 170 1006 223; x_wconf 83' lang='lat' dir='ltr'>ANNALIUM</span> <span class='ocrx_word' id='word_1_5' title='bbox 1048 172 1251 223; x_wconf 86' lang='lat' dir='ltr'>LIBER</span> <span class='ocrx_word' id='word_1_6' title='bbox 1286 174 1562 226; x_wconf 77' lang='lat' dir='ltr'>SEXTUS.</span> <span class='ocrx_word' id='word_1_7' title='bbox 1947 183 2045 231; x_wconf 73' lang='lat'><strong>325</strong></span> 
     </span>
    </p>
   </div>
   <div class='ocr_carea' id='block_1_2' title="bbox 111 300 2044 774">
    <p class='ocr_par' dir='ltr' id='par_1_2' title="bbox 111 300 2044 774">
     <span class='ocr_line' id='line_1_2' title="bbox 114 300 2044 386; baseline 0.002 -18"><span class='ocrx_word' id='word_1_8' title='bbox 114 314 312 382; x_wconf 89' lang='lat' dir='ltr'><strong>Sam0,</strong></span> <span class='ocrx_word' id='word_1_9' title='bbox 355 305 504 380; x_wconf 66' lang='lat' dir='ltr'><strong>nio:</strong></span> <span class='ocrx_word' id='word_1_10' title='bbox 549 303 836 386; x_wconf 80' lang='lat' dir='ltr'><strong>ErythriS,</strong></span> <span class='ocrx_word' id='word_1_11' title='bbox 877 322 986 384; x_wconf 86' lang='lat' dir='ltr'><strong>per</strong></span> <span class='ocrx_word' id='word_1_12' title='bbox 1019 300 1285 364; x_wconf 84' lang='lat' dir='ltr'><strong>Africam</strong></span> <span class='ocrx_word' id='word_1_13' title='bbox 1327 306 1519 380; x_wconf 89' lang='lat' dir='ltr'><strong>etiam,</strong></span> <span class='ocrx_word' id='word_1_14' title='bbox 1562 325 1630 368; x_wconf 87' lang='lat' dir='ltr'><strong>ac</strong></span> <span class='ocrx_word' id='word_1_15' title='bbox 1674 306 1948 384; x_wconf 86' lang='lat' dir='ltr'><strong>Siciliam,</strong></span> <span class='ocrx_word' id='word_1_16' title='bbox 1985 324 2044 371; x_wconf 87' lang='lat' dir='ltr'><strong>et</strong></span> 
     </span>
     <span class='ocr_line' id='line_1_3' title="bbox 111 401 2044 484; baseline 0.001 -17"><span class='ocrx_word' id='word_1_17' title='bbox 111 406 332 467; x_wconf 68' lang='lat' dir='ltr'><strong>Italicas</strong></span> <span class='ocrx_word' id='word_1_18' title='bbox 359 402 612 465; x_wconf 86' lang='lat' dir='ltr'><strong>colonias</strong></span> <span class='ocrx_word' id='word_1_19' title='bbox 649 401 998 462; x_wconf 83' lang='lat' dir='ltr'><strong>carminibus</strong></span> <span class='ocrx_word' id='word_1_20' title='bbox 1034 401 1294 483; x_wconf 84' lang='lat' dir='ltr'><strong>Sibyllae,</strong></span> <span class='ocrx_word' id='word_1_21' title='bbox 1338 423 1455 462; x_wconf 87' lang='lat' dir='ltr'><strong>una</strong></span> <span class='ocrx_word' id='word_1_22' title='bbox 1490 424 1593 470; x_wconf 88' lang='lat' dir='ltr'><strong>seu</strong></span> <span class='ocrx_word' id='word_1_23' title='bbox 1630 405 1825 484; x_wconf 87' lang='lat' dir='ltr'><strong>plures</strong></span> <span class='ocrx_word' id='word_1_24' title='bbox 1856 403 2044 482; x_wconf 76' lang='lat' dir='ltr'><strong>fuere,</strong></span> 
     </span>
     <span class='ocr_line' id='line_1_4' title="bbox 113 491 2044 583; baseline 0.001 -20"><span class='ocrx_word' id='word_1_25' title='bbox 113 503 366 583; x_wconf 86' lang='lat' dir='ltr'><strong>datoque</strong></span> <span class='ocrx_word' id='word_1_26' title='bbox 389 491 788 562; x_wconf 62' lang='lat' dir='ltr'><strong>sacerdotibus</strong></span> <span class='ocrx_word' id='word_1_27' title='bbox 802 498 1060 580; x_wconf 79' lang='lat' dir='ltr'><strong>negotiO,</strong></span> <span class='ocrx_word' id='word_1_28' title='bbox 1089 514 1371 580; x_wconf 89' lang='lat' dir='ltr'><strong>quantum</strong></span> <span class='ocrx_word' id='word_1_29' title='bbox 1398 499 1653 560; x_wconf 69' lang='lat' dir='ltr'><strong>humana</strong></span> <span class='ocrx_word' id='word_1_30' title='bbox 1691 522 1802 582; x_wconf 89' lang='lat' dir='ltr'><strong>ope</strong></span> <span class='ocrx_word' id='word_1_31' title='bbox 1829 502 2044 582; x_wconf 87' lang='lat' dir='ltr'><strong>potuis-</strong></span> 
     </span>
     <span class='ocr_line' id='line_1_5' title="bbox 111 591 2044 681; baseline 0 -20"><span class='ocrx_word' id='word_1_32' title='bbox 111 613 261 672; x_wconf 84' lang='lat' dir='ltr'><strong>sent,</strong></span> <span class='ocrx_word' id='word_1_33' title='bbox 302 618 439 658; x_wconf 81' lang='lat' dir='ltr'><strong>vera</strong></span> <span class='ocrx_word' id='word_1_34' title='bbox 463 596 808 657; x_wconf 87' lang='lat' dir='ltr'><strong>discernere.</strong></span> <span class='ocrx_word' id='word_1_35' title='bbox 892 595 1078 677; x_wconf 86' lang='lat' dir='ltr'><strong>Igitur</strong></span> <span class='ocrx_word' id='word_1_36' title='bbox 1107 609 1247 656; x_wconf 87' lang='lat' dir='ltr'><strong>tunc</strong></span> <span class='ocrx_word' id='word_1_37' title='bbox 1284 591 1522 678; x_wconf 86' lang='lat' dir='ltr'><strong>quoque</strong></span> <span class='ocrx_word' id='word_1_38' title='bbox 1557 597 1778 658; x_wconf 90' lang='lat' dir='ltr'><strong>notioni</strong></span> <span class='ocrx_word' id='word_1_39' title='bbox 1801 600 2044 681; x_wconf 88' lang='lat' dir='ltr'><strong>quinde-</strong></span> 
     </span>
     <span class='ocr_line' id='line_1_6' title="bbox 114 691 1074 774; baseline -0.005 -16"><span class='ocrx_word' id='word_1_40' title='bbox 114 695 427 758; x_wconf 76' lang='lat' dir='ltr'><strong>cimviram</strong></span> <span class='ocrx_word' id='word_1_41' title='bbox 452 693 499 755; x_wconf 87' lang='lat' dir='ltr'><strong>is</strong></span> <span class='ocrx_word' id='word_1_42' title='bbox 527 694 673 754; x_wconf 88' lang='lat' dir='ltr'><strong>liber</strong></span> <span class='ocrx_word' id='word_1_43' title='bbox 689 696 713 720; x_wconf 83' lang='lat'>²</span> <span class='ocrx_word' id='word_1_44' title='bbox 737 691 1074 774; x_wconf 73' lang='lat' dir='ltr'><strong>subjicitur.·</strong></span> 
     </span>
    </p>
   </div>
   <div class='ocr_carea' id='block_1_3' title="bbox 205 871 2051 958">
    <p class='ocr_par' dir='ltr' id='par_1_3' title="bbox 205 871 2051 958">
     <span class='ocr_line' id='line_1_7' title="bbox 205 871 2051 958; baseline 0.001 -21"><span class='ocrx_word' id='word_1_45' title='bbox 205 886 298 938; x_wconf 88' lang='grc'><strong>13.</strong></span> <span class='ocrx_word' id='word_1_46' title='bbox 342 877 570 935; x_wconf 75' lang='lat' dir='ltr'><strong>Itsm-:M</strong></span> <span class='ocrx_word' id='word_1_47' title='bbox 615 872 972 948; x_wconf 86' lang='lat' dir='ltr'><strong>consulibus,</strong></span> <span class='ocrx_word' id='word_1_48' title='bbox 1014 871 1291 955; x_wconf 81' lang='lat' dir='ltr'><strong>gravitate</strong></span> <span class='ocrx_word' id='word_1_49' title='bbox 1334 894 1580 952; x_wconf 88' lang='lat' dir='ltr'><strong>annonae</strong></span> <span class='ocrx_word' id='word_1_50' title='bbox 1613 876 1784 958; x_wconf 84' lang='lat' dir='ltr'><strong>juxta</strong></span> <span class='ocrx_word' id='word_1_51' title='bbox 1812 874 2051 950; x_wconf 13' lang='lat' dir='ltr'><strong>,seditio-</strong></span> 
     </span>
    </p>
   </div>
   <div class='ocr_carea' id='block_1_4' title="bbox 26 970 2048 1051">
    <p class='ocr_par' dir='ltr' id='par_1_4' title="bbox 26 970 2048 1051">
     <span class='ocr_line' id='line_1_8' title="bbox 26 970 2048 1051; baseline 0 -18"><span class='ocrx_word' id='word_1_52' title='bbox 26 982 34 994; x_wconf 81' lang='grc'><em>“</em></span> <span class='ocrx_word' id='word_1_53' title='bbox 112 976 285 1033; x_wconf 82' lang='lat' dir='ltr'><strong>nem³</strong></span> <span class='ocrx_word' id='word_1_54' title='bbox 314 986 590 1032; x_wconf 85' lang='lat' dir='ltr'><strong>ventum:</strong></span> <span class='ocrx_word' id='word_1_55' title='bbox 636 970 954 1051; x_wconf 87' lang='lat' dir='ltr'><strong>multaque,</strong></span> <span class='ocrx_word' id='word_1_56' title='bbox 998 985 1054 1030; x_wconf 91' lang='lat' dir='ltr'><strong>et</strong></span> <span class='ocrx_word' id='word_1_57' title='bbox 1082 972 1279 1050; x_wconf 91' lang='lat' dir='ltr'><strong>plures</strong></span> <span class='ocrx_word' id='word_1_58' title='bbox 1306 993 1412 1051; x_wconf 93' lang='lat' dir='ltr'><strong>per</strong></span> <span class='ocrx_word' id='word_1_59' title='bbox 1450 972 1592 1047; x_wconf 87' lang='lat' dir='ltr'><strong>dies,</strong></span> <span class='ocrx_word' id='word_1_60' title='bbox 1633 972 1694 1032; x_wconf 89' lang='lat' dir='ltr'><strong>in</strong></span> <span class='ocrx_word' id='word_1_61' title='bbox 1717 973 1944 1035; x_wconf 88' lang='lat' dir='ltr'><strong>theatro</strong></span> <span class='ocrx_word' id='word_1_62' title='bbox 1982 973 2048 1034; x_wconf 88' lang='lat' dir='ltr'><strong>li-</strong></span> 
     </span>
    </p>
   </div>
   <div class='ocr_carea' id='block_1_5' title="bbox 27 1066 2088 1832">
    <p class='ocr_par' dir='ltr' id='par_1_5' title="bbox 27 1066 2088 1832">
     <span class='ocr_line' id='line_1_9' title="bbox 117 1066 2044 1151; baseline 0.001 -21"><span class='ocrx_word' id='word_1_63' title='bbox 117 1069 344 1131; x_wconf 71' lang='lat' dir='ltr'><strong>centius</strong></span> <span class='ocrx_word' id='word_1_64' title='bbox 379 1066 727 1150; x_wconf 80' lang='lat' dir='ltr'><strong>efflagitata,⁴</strong></span> <span class='ocrx_word' id='word_1_65' title='bbox 760 1066 940 1148; x_wconf 70' lang='lat' dir='ltr'><strong>quam</strong></span> <span class='ocrx_word' id='word_1_66' title='bbox 969 1068 1203 1128; x_wconf 88' lang='lat' dir='ltr'><strong>solitum</strong></span> <span class='ocrx_word' id='word_1_67' title='bbox 1241 1070 1555 1129; x_wconf 77' lang='lat' dir='ltr'><strong>adversum</strong></span> <span class='ocrx_word' id='word_1_68' title='bbox 1591 1071 2044 1151; x_wconf 84' lang='lat' dir='ltr'><strong>Imperatorem:</strong></span> 
     </span>
     <span class='ocr_line' id='line_1_10' title="bbox 116 1162 2048 1249; baseline 0.002 -24"><span class='ocrx_word' id='word_1_69' title='bbox 116 1166 278 1247; x_wconf 87' lang='lat' dir='ltr'>queis</span> <span class='ocrx_word' id='word_1_70' title='bbox 320 1179 668 1238; x_wconf 81' lang='lat' dir='ltr'><strong>commotuS,</strong></span> <span class='ocrx_word' id='word_1_71' title='bbox 704 1162 982 1224; x_wconf 85' lang='lat' dir='ltr'><strong>incusavit</strong></span> <span class='ocrx_word' id='word_1_72' title='bbox 1021 1164 1383 1246; x_wconf 83' lang='lat' dir='ltr'><strong>magistratus</strong></span> <span class='ocrx_word' id='word_1_73' title='bbox 1424 1180 1751 1246; x_wconf 86' lang='lat' dir='ltr'><strong>patresque,</strong></span> <span class='ocrx_word' id='word_1_74' title='bbox 1793 1173 1838 1202; x_wconf 73' lang='lat'><strong>‘⁶</strong></span> <span class='ocrx_word' id='word_1_75' title='bbox 1880 1168 2048 1249; x_wconf 76' lang='lat' dir='ltr'><strong>quod</strong></span> 
     </span>
     <span class='ocr_line' id='line_1_11' title="bbox 115 1261 2048 1344; baseline 0.001 -22"><span class='ocrx_word' id='word_1_76' title='bbox 115 1270 158 1299; x_wconf 78' lang='lat'><strong>‘⁶</strong></span> <span class='ocrx_word' id='word_1_77' title='bbox 187 1283 307 1323; x_wconf 89' lang='lat' dir='ltr'><strong>non</strong></span> <span class='ocrx_word' id='word_1_78' title='bbox 333 1261 566 1344; x_wconf 69' lang='lat' dir='ltr'><strong>publica</strong></span> <span class='ocrx_word' id='word_1_79' title='bbox 592 1261 925 1322; x_wconf 73' lang='lat' dir='ltr'><strong>auctoritate</strong></span> <span class='ocrx_word' id='word_1_80' title='bbox 964 1263 1252 1342; x_wconf 90' lang='lat' dir='ltr'><strong>populum</strong></span> <span class='ocrx_word' id='word_1_81' title='bbox 1293 1263 1677 1324; x_wconf 86' lang='lat' dir='ltr'><strong>coercuissent</strong></span> <span class='ocrx_word' id='word_1_82' title='bbox 1698 1265 1760 1323; x_wconf 74' lang='lat'>:.&#39;,&#39;</span> <span class='ocrx_word' id='word_1_83' title='bbox 1804 1265 2048 1324; x_wconf 88' lang='lat' dir='ltr'><strong>addidit-</strong></span> 
     </span>
     <span class='ocr_line' id='line_1_12' title="bbox 115 1356 2047 1443; baseline 0.002 -24"><span class='ocrx_word' id='word_1_84' title='bbox 115 1380 231 1441; x_wconf 86' lang='lat' dir='ltr'><strong>que</strong></span> <span class='ocrx_word' id='word_1_85' title='bbox 259 1366 303 1395; x_wconf 91' lang='lat'>“</span> <span class='ocrx_word' id='word_1_86' title='bbox 322 1359 534 1440; x_wconf 82' lang='lat' dir='ltr'><strong>quibus</strong></span> <span class='ocrx_word' id='word_1_87' title='bbox 555 1356 588 1418; x_wconf 79' lang='grc' dir='ltr'>ὲ</span> <span class='ocrx_word' id='word_1_88' title='bbox 613 1357 938 1439; x_wconf 87' lang='lat' dir='ltr'><strong>provinciis,</strong></span> <span class='ocrx_word' id='word_1_89' title='bbox 966 1373 1023 1420; x_wconf 91' lang='lat' dir='ltr'><strong>et</strong></span> <span class='ocrx_word' id='word_1_90' title='bbox 1046 1374 1262 1441; x_wconf 88' lang='lat' dir='ltr'><strong>quanto</strong></span> <span class='ocrx_word' id='word_1_91' title='bbox 1290 1363 1591 1442; x_wconf 84' lang='lat' dir='ltr'><strong>majorem,</strong></span> <span class='ocrx_word' id='word_1_92' title='bbox 1610 1358 1791 1442; x_wconf 62' lang='lat' dir='ltr'><strong>quam</strong></span> <span class='ocrx_word' id='word_1_93' title='bbox 1807 1363 2047 1443; x_wconf 88' lang='lat' dir='ltr'><strong>Augus-</strong></span> 
     </span>
     <span class='ocr_line' id='line_1_13' title="bbox 27 1454 2046 1540; baseline 0.002 -25"><span class='ocrx_word' id='word_1_94' title='bbox 27 1461 34 1494; x_wconf 76' lang='lat'>³</span> <span class='ocrx_word' id='word_1_95' title='bbox 114 1463 159 1493; x_wconf 86' lang='lat'><strong>“</strong></span> <span class='ocrx_word' id='word_1_96' title='bbox 185 1470 307 1529; x_wconf 84' lang='lat' dir='ltr'><strong>tus,</strong></span> <span class='ocrx_word' id='word_1_97' title='bbox 327 1456 414 1516; x_wconf 83' lang='lat' dir='ltr'><strong>rei</strong></span> <span class='ocrx_word' id='word_1_98' title='bbox 439 1454 829 1517; x_wconf 79' lang='lat' dir='ltr'><strong>frumentaria:</strong></span> <span class='ocrx_word' id='word_1_99' title='bbox 860 1456 1085 1538; x_wconf 87' lang='lat' dir='ltr'><strong>copiam</strong></span> <span class='ocrx_word' id='word_1_100' title='bbox 1111 1459 1503 1519; x_wconf 86' lang='lat' dir='ltr'><strong>advectaret.&#39;’</strong></span> <span class='ocrx_word' id='word_1_101' title='bbox 1587 1459 1672 1517; x_wconf 87' lang='lat' dir='ltr'><strong>Ita</strong></span> <span class='ocrx_word' id='word_1_102' title='bbox 1700 1458 2046 1540; x_wconf 72' lang='lat' dir='ltr'><strong>castigandae</strong></span> 
     </span>
     <span class='ocr_line' id='line_1_14' title="bbox 47 1551 2088 1635; baseline 0.001 -22"><span class='ocrx_word' id='word_1_103' title='bbox 47 1579 52 1586; x_wconf 89' lang='lat'>·</span> <span class='ocrx_word' id='word_1_104' title='bbox 115 1553 270 1634; x_wconf 87' lang='lat' dir='ltr'><strong>plebi</strong></span> <span class='ocrx_word' id='word_1_105' title='bbox 296 1551 683 1634; x_wconf 86' lang='lat' dir='ltr'><strong>compositum</strong></span> <span class='ocrx_word' id='word_1_106' title='bbox 714 1552 1306 1630; x_wconf 79' lang='lat' dir='ltr'><strong>senatusconsultum,</strong></span> <span class='ocrx_word' id='word_1_107' title='bbox 1347 1552 1554 1635; x_wconf 67' lang='lat' dir='ltr'><strong>priscii·</strong></span> <span class='ocrx_word' id='word_1_108' title='bbox 1569 1555 1865 1615; x_wconf 87' lang='lat' dir='ltr'><strong>severitate</strong></span> <span class='ocrx_word' id='word_1_109' title='bbox 1879 1571 1927 1616; x_wconf 72' lang='grc' dir='ltr'><strong>ἐ·</strong></span> <span class='ocrx_word' id='word_1_110' title='bbox 1946 1575 2048 1616; x_wconf 87' lang='lat' dir='ltr'><strong>ne·</strong></span> <span class='ocrx_word' id='word_1_111' title='bbox 2085 1563 2088 1565; x_wconf 83' lang='grc'><strong>’</strong></span> 
     </span>
     <span class='ocr_line' id='line_1_15' title="bbox 27 1650 2048 1733; baseline 0.001 -22"><span class='ocrx_word' id='word_1_112' title='bbox 27 1726 34 1732; x_wconf 38' lang='grc'>,</span> <span class='ocrx_word' id='word_1_113' title='bbox 83 1695 90 1702; x_wconf 79' lang='lat'>-</span> <span class='ocrx_word' id='word_1_114' title='bbox 116 1671 233 1731; x_wconf 89' lang='lat' dir='ltr'><strong>que</strong></span> <span class='ocrx_word' id='word_1_115' title='bbox 258 1650 499 1733; x_wconf 74' lang='lat' dir='ltr'><strong>segnius</strong></span> <span class='ocrx_word' id='word_1_116' title='bbox 520 1652 787 1713; x_wconf 82' lang='lat' dir='ltr'><strong>consules</strong></span> <span class='ocrx_word' id='word_1_117' title='bbox 812 1652 1084 1713; x_wconf 81' lang='lat' dir='ltr'><strong>edixere:</strong></span> <span class='ocrx_word' id='word_1_118' title='bbox 1128 1652 1419 1714; x_wconf 87' lang='lat' dir='ltr'><strong>silentium</strong></span> <span class='ocrx_word' id='word_1_119' title='bbox 1454 1651 1630 1733; x_wconf 90' lang='lat' dir='ltr'><strong>ipsius</strong></span> <span class='ocrx_word' id='word_1_120' title='bbox 1649 1655 1666 1688; x_wconf 83' lang='lat'><em>⁵</em></span> <span class='ocrx_word' id='word_1_121' title='bbox 1710 1671 1831 1712; x_wconf 90' lang='lat' dir='ltr'><strong>non</strong></span> <span class='ocrx_word' id='word_1_122' title='bbox 1858 1651 2048 1728; x_wconf 87' lang='lat' dir='ltr'><strong>civile,</strong></span> 
     </span>
     <span class='ocr_line' id='line_1_16' title="bbox 30 1743 1565 1832; baseline 0.003 -25"><span class='ocrx_word' id='word_1_123' title='bbox 30 1814 34 1821; x_wconf 24' lang='lat'>⁸</span> <span class='ocrx_word' id='word_1_124' title='bbox 119 1761 183 1807; x_wconf 90' lang='lat' dir='ltr'><strong>ut</strong></span> <span class='ocrx_word' id='word_1_125' title='bbox 211 1743 554 1823; x_wconf 77' lang='lat' dir='ltr'><strong>crediderat,</strong></span> <span class='ocrx_word' id='word_1_126' title='bbox 596 1750 698 1809; x_wconf 86' lang='lat' dir='ltr'><strong>sed</strong></span> <span class='ocrx_word' id='word_1_127' title='bbox 716 1749 780 1811; x_wconf 90' lang='lat' dir='ltr'><strong>in</strong></span> <span class='ocrx_word' id='word_1_128' title='bbox 807 1750 1136 1832; x_wconf 86' lang='lat' dir='ltr'><strong>superbiam</strong></span> <span class='ocrx_word' id='word_1_129' title='bbox 1163 1749 1565 1831; x_wconf 85' lang='lat' dir='ltr'><strong>accipiebatur.</strong></span> 
     </span>
    </p>
   </div>
   <div class='ocr_carea' id='block_1_6' title="bbox 37 1941 2053 2314">
    <p class='ocr_par' dir='ltr' id='par_1_6' title="bbox 37 1941 2053 2314">
     <span class='ocr_line' id='line_1_17' title="bbox 208 1941 2052 2026; baseline 0.002 -24"><span class='ocrx_word' id='word_1_130' title='bbox 208 1952 303 2003; x_wconf 80' lang='lat'><strong>14.</strong></span> <span class='ocrx_word' id='word_1_131' title='bbox 345 1943 508 2003; x_wconf 73' lang='lat' dir='ltr'><strong>Fma</strong></span> <span class='ocrx_word' id='word_1_132' title='bbox 537 1944 671 2004; x_wconf 86' lang='lat' dir='ltr'><strong>anni</strong></span> <span class='ocrx_word' id='word_1_133' title='bbox 695 1941 1024 2022; x_wconf 85' lang='lat' dir='ltr'><strong>Geminius,</strong></span> <span class='ocrx_word' id='word_1_134' title='bbox 1068 1947 1298 2021; x_wconf 78' lang='lat' dir='ltr'><strong>Celsu8‚</strong></span> <span class='ocrx_word' id='word_1_135' title='bbox 1324 1943 1657 2026; x_wconf 76' lang='lat' dir='ltr'><strong>Pompeiae,</strong></span> <span class='ocrx_word' id='word_1_136' title='bbox 1685 1942 1903 2026; x_wconf 87' lang='lat' dir='ltr'><strong>equites</strong></span> <span class='ocrx_word' id='word_1_137' title='bbox 1928 1945 2052 2006; x_wconf 92' lang='lat' dir='ltr'><strong>Ro-</strong></span> 
     </span>
     <span class='ocr_line' id='line_1_18' title="bbox 37 2038 2051 2125; baseline 0.001 -26"><span class='ocrx_word' id='word_1_138' title='bbox 37 2057 45 2067; x_wconf 82' lang='lat'><strong>·</strong></span> <span class='ocrx_word' id='word_1_139' title='bbox 119 2038 295 2113; x_wconf 71' lang='lat' dir='ltr'><strong>matii,</strong></span> <span class='ocrx_word' id='word_1_140' title='bbox 335 2040 599 2101; x_wconf 88' lang='lat' dir='ltr'><strong>cecidere</strong></span> <span class='ocrx_word' id='word_1_141' title='bbox 624 2043 1032 2125; x_wconf 87' lang='lat' dir='ltr'><strong>conjurationis</strong></span> <span class='ocrx_word' id='word_1_142' title='bbox 1068 2044 1326 2106; x_wconf 88' lang='lat' dir='ltr'><strong>crimine.</strong></span> <span class='ocrx_word' id='word_1_143' title='bbox 1411 2044 1509 2103; x_wconf 87' lang='lat' dir='ltr'><strong>Ex</strong></span> <span class='ocrx_word' id='word_1_144' title='bbox 1541 2042 1703 2124; x_wconf 86' lang='lat' dir='ltr'><strong>queis</strong></span> <span class='ocrx_word' id='word_1_145' title='bbox 1742 2041 2051 2103; x_wconf 88' lang='lat' dir='ltr'><strong>Geminius</strong></span> 
     </span>
     <span class='ocr_line' id='line_1_19' title="bbox 50 2136 2051 2221; baseline 0.002 -25"><span class='ocrx_word' id='word_1_146' title='bbox 50 2155 58 2195; x_wconf 75' lang='lat'>1</span> <span class='ocrx_word' id='word_1_147' title='bbox 118 2136 480 2220; x_wconf 65' lang='lat' dir='ltr'><strong>prodigentia</strong></span> <span class='ocrx_word' id='word_1_148' title='bbox 508 2158 711 2218; x_wconf 90' lang='lat' dir='ltr'><strong>opum,</strong></span> <span class='ocrx_word' id='word_1_149' title='bbox 753 2160 819 2200; x_wconf 92' lang='lat' dir='ltr'><strong>ac</strong></span> <span class='ocrx_word' id='word_1_150' title='bbox 848 2139 1090 2201; x_wconf 65' lang='lat' dir='ltr'><strong>mollitia</strong></span> <span class='ocrx_word' id='word_1_151' title='bbox 1118 2140 1250 2202; x_wconf 84' lang='lat' dir='ltr'><strong>vitae</strong></span> <span class='ocrx_word' id='word_1_152' title='bbox 1287 2138 1506 2201; x_wconf 90' lang='lat' dir='ltr'><strong>amicus</strong></span> <span class='ocrx_word' id='word_1_153' title='bbox 1533 2141 1763 2221; x_wconf 89' lang='lat' dir='ltr'><strong>Sejan0,</strong></span> <span class='ocrx_word' id='word_1_154' title='bbox 1805 2140 1946 2199; x_wconf 89' lang='lat' dir='ltr'><strong>ni-hil</strong></span> <span class='ocrx_word' id='word_1_155' title='bbox 1974 2140 2051 2200; x_wconf 90' lang='lat' dir='ltr'><strong>ad</strong></span> 
     </span>
     <span class='ocr_line' id='line_1_20' title="bbox 118 2229 2053 2314; baseline 0.002 -19"><span class='ocrx_word' id='word_1_156' title='bbox 118 2229 379 2295; x_wconf 78' lang='lat' dir='ltr'><strong>serium.⁶</strong></span> <span class='ocrx_word' id='word_1_157' title='bbox 458 2234 537 2295; x_wconf 90' lang='lat' dir='ltr'><strong>Et</strong></span> <span class='ocrx_word' id='word_1_158' title='bbox 562 2236 747 2298; x_wconf 89' lang='lat' dir='ltr'><strong>Julius</strong></span> <span class='ocrx_word' id='word_1_159' title='bbox 777 2238 1006 2314; x_wconf 88' lang='lat' dir='ltr'><strong>Celsus&#39;,</strong></span> <span class='ocrx_word' id='word_1_160' title='bbox 1049 2233 1334 2313; x_wconf 76' lang='lat' dir='ltr'><strong>tribunUS,</strong></span> <span class='ocrx_word' id='word_1_161' title='bbox 1366 2238 1428 2298; x_wconf 90' lang='lat' dir='ltr'><strong>in</strong></span> <span class='ocrx_word' id='word_1_162' title='bbox 1448 2237 1650 2299; x_wconf 90' lang='lat' dir='ltr'><strong>vinclis</strong></span> <span class='ocrx_word' id='word_1_163' title='bbox 1676 2236 1926 2297; x_wconf 86' lang='lat' dir='ltr'><strong>laxatam</strong></span> <span class='ocrx_word' id='word_1_164' title='bbox 1961 2256 2053 2298; x_wconf 84' lang='lat' dir='ltr'><strong>ca-</strong></span> 
     </span>
    </p>
   </div>
   <div class='ocr_carea' id='block_1_7' title="bbox 48 2399 2051 2534">
    <p class='ocr_par' dir='ltr' id='par_1_7' title="bbox 48 2399 2051 2534">
     <span class='ocr_line' id='line_1_21' title="bbox 133 2399 2051 2472; baseline 0.002 -22"><span class='ocrx_word' id='word_1_165' title='bbox 133 2436 140 2444; x_wconf 84' lang='grc'><strong>.</strong></span> <span class='ocrx_word' id='word_1_166' title='bbox 193 2399 211 2424; x_wconf 89' lang='lat'>⁸</span> <span class='ocrx_word' id='word_1_167' title='bbox 250 2402 473 2460; x_wconf 68' lang='lat' dir='ltr'><strong>Qua-sitis</strong></span> <span class='ocrx_word' id='word_1_168' title='bbox 495 2403 650 2462; x_wconf 81' lang='lat' dir='ltr'><strong>Samo,</strong></span> <span class='ocrx_word' id='word_1_169' title='bbox 684 2403 797 2454; x_wconf 81' lang='lat' dir='ltr'><strong>Ilio.</strong></span> <span class='ocrx_word' id='word_1_170' title='bbox 841 2406 1040 2471; x_wconf 61' lang='lat' dir='ltr'><strong>Sibyllae</strong></span> <span class='ocrx_word' id='word_1_171' title='bbox 1138 2407 1435 2472; x_wconf 84' lang='lat' dir='ltr'><strong>Sibyllarum</strong></span> <span class='ocrx_word' id='word_1_172' title='bbox 1469 2406 1659 2454; x_wconf 89' lang='lat' dir='ltr'><strong>nomine</strong></span> <span class='ocrx_word' id='word_1_173' title='bbox 1679 2421 1810 2454; x_wconf 88' lang='lat' dir='ltr'><strong>nunc</strong></span> <span class='ocrx_word' id='word_1_174' title='bbox 1841 2406 2051 2454; x_wconf 85' lang='lat' dir='ltr'><strong>circum-</strong></span> 
     </span>
     <span class='ocr_line' id='line_1_22' title="bbox 48 2470 2051 2534; baseline 0.003 -18"><span class='ocrx_word' id='word_1_175' title='bbox 48 2471 49 2476; x_wconf 74' lang='grc'>’</span> <span class='ocrx_word' id='word_1_176' title='bbox 123 2470 359 2518; x_wconf 83' lang='lat' dir='ltr'><strong>Cumanae</strong></span> <span class='ocrx_word' id='word_1_177' title='bbox 418 2470 551 2519; x_wconf 84' lang='lat' dir='ltr'><strong>libris</strong></span> <span class='ocrx_word' id='word_1_178' title='bbox 608 2472 714 2534; x_wconf 84' lang='lat' dir='ltr'><strong>igne</strong></span> <span class='ocrx_word' id='word_1_179' title='bbox 763 2476 1039 2534; x_wconf 83' lang='lat' dir='ltr'><strong>consumtis,</strong></span> <span class='ocrx_word' id='word_1_180' title='bbox 1132 2477 1365 2533; x_wconf 79' lang='lat' dir='ltr'><strong>feruntur,</strong></span> <span class='ocrx_word' id='word_1_181' title='bbox 1414 2475 1540 2522; x_wconf 69' lang='lat' dir='ltr'><strong>male</strong></span> <span class='ocrx_word' id='word_1_182' title='bbox 1587 2474 1861 2521; x_wconf 84' lang='lat' dir='ltr'><strong>feriatorum</strong></span> <span class='ocrx_word' id='word_1_183' title='bbox 1896 2473 2051 2522; x_wconf 87' lang='lat' dir='ltr'><strong>homi—</strong></span> 
     </span>
    </p>
   </div>
   <div class='ocr_carea' id='block_1_8' title="bbox 48 2541 2048 2602">
    <p class='ocr_par' dir='ltr' id='par_1_8' title="bbox 48 2541 2048 2602">
     <span class='ocr_line' id='line_1_23' title="bbox 48 2541 2048 2602; baseline 0.003 -18"><span class='ocrx_word' id='word_1_184' title='bbox 48 2600 50 2602; x_wconf 24' lang='lat'>·</span> <span class='ocrx_word' id='word_1_185' title='bbox 125 2549 326 2585; x_wconf 84' lang='lat' dir='ltr'><strong>cautum</strong></span> <span class='ocrx_word' id='word_1_186' title='bbox 362 2550 432 2587; x_wconf 79' lang='lat' dir='ltr'><strong>est</strong></span> <span class='ocrx_word' id='word_1_187' title='bbox 470 2555 527 2586; x_wconf 85' lang='lat' dir='ltr'><strong>ne</strong></span> <span class='ocrx_word' id='word_1_188' title='bbox 562 2555 685 2588; x_wconf 77' lang='lat' dir='ltr'><strong>vana</strong></span> <span class='ocrx_word' id='word_1_189' title='bbox 719 2543 808 2588; x_wconf 79' lang='lat' dir='ltr'><strong>sub</strong></span> <span class='ocrx_word' id='word_1_190' title='bbox 847 2543 1038 2590; x_wconf 87' lang='lat' dir='ltr'><strong>nomine</strong></span> <span class='ocrx_word' id='word_1_191' title='bbox 1129 2560 1247 2591; x_wconf 89' lang='lat' dir='ltr'><strong>num</strong></span> <span class='ocrx_word' id='word_1_192' title='bbox 1272 2542 1524 2591; x_wconf 84' lang='lat' dir='ltr'><strong>mendacia</strong></span> <span class='ocrx_word' id='word_1_193' title='bbox 1551 2558 1647 2589; x_wconf 81' lang='lat' dir='ltr'><strong>esse</strong></span> <span class='ocrx_word' id='word_1_194' title='bbox 1670 2557 1809 2588; x_wconf 87' lang='lat' dir='ltr'><strong>nemo</strong></span> <span class='ocrx_word' id='word_1_195' title='bbox 1830 2541 2048 2590; x_wconf 83' lang='lat' dir='ltr'><strong>diffitebi—</strong></span> 
     </span>
    </p>
   </div>
   <div class='ocr_carea' id='block_1_9' title="bbox 123 2603 2052 2876">
    <p class='ocr_par' dir='ltr' id='par_1_9' title="bbox 123 2603 2049 2804">
     <span class='ocr_line' id='line_1_24' title="bbox 123 2603 1930 2671; baseline 0.008 -21"><span class='ocrx_word' id='word_1_196' title='bbox 123 2603 298 2652; x_wconf 80' lang='lat' dir='ltr'><strong>celebri</strong></span> <span class='ocrx_word' id='word_1_197' title='bbox 324 2606 659 2669; x_wconf 80' lang='lat' dir='ltr'><strong>vulgarentur:</strong></span> <span class='ocrx_word' id='word_1_198' title='bbox 698 2609 923 2671; x_wconf 80' lang='lat' dir='ltr'><strong>missique</strong></span> <span class='ocrx_word' id='word_1_199' title='bbox 957 2611 1043 2659; x_wconf 76' lang='lat' dir='ltr'><strong>Sa·</strong></span> <span class='ocrx_word' id='word_1_200' title='bbox 1095 2650 1100 2654; x_wconf 96' lang='lat'>.</span> <span class='ocrx_word' id='word_1_201' title='bbox 1131 2622 1228 2659; x_wconf 84' lang='lat' dir='ltr'><strong>tur.</strong></span> <span class='ocrx_word' id='word_1_202' title='bbox 1919 2657 1930 2665; x_wconf 92' lang='lat'><em>.</em></span> 
     </span>
     <span class='ocr_line' id='line_1_25' title="bbox 125 2673 2049 2742; baseline 0.003 -23"><span class='ocrx_word' id='word_1_203' title='bbox 125 2688 277 2731; x_wconf 71' lang='lat' dir='ltr'><strong>inum,</strong></span> <span class='ocrx_word' id='word_1_204' title='bbox 316 2673 476 2733; x_wconf 82' lang='lat' dir='ltr'><strong>Ilium,</strong></span> <span class='ocrx_word' id='word_1_205' title='bbox 516 2675 760 2739; x_wconf 73' lang='lat' dir='ltr'><strong>ErythraS,</strong></span> <span class='ocrx_word' id='word_1_206' title='bbox 795 2694 879 2742; x_wconf 74' lang='lat' dir='ltr'><strong>per</strong></span> <span class='ocrx_word' id='word_1_207' title='bbox 916 2680 1046 2726; x_wconf 76' lang='lat' dir='ltr'><strong>Afri·-</strong></span> <span class='ocrx_word' id='word_1_208' title='bbox 1164 2695 1166 2697; x_wconf 70' lang='grc'><strong>’</strong></span> <span class='ocrx_word' id='word_1_209' title='bbox 1197 2675 1220 2698; x_wconf 83' lang='lat'><em>²</em></span> <span class='ocrx_word' id='word_1_210' title='bbox 1256 2679 1310 2726; x_wconf 76' lang='lat' dir='ltr'><strong>Is</strong></span> <span class='ocrx_word' id='word_1_211' title='bbox 1339 2678 1473 2726; x_wconf 85' lang='lat' dir='ltr'><strong>liber.</strong></span> <span class='ocrx_word' id='word_1_212' title='bbox 1523 2677 1602 2725; x_wconf 90' lang='lat' dir='ltr'><strong>De</strong></span> <span class='ocrx_word' id='word_1_213' title='bbox 1643 2692 1742 2740; x_wconf 90' lang='lat' dir='ltr'><strong>quo</strong></span> <span class='ocrx_word' id='word_1_214' title='bbox 1776 2676 1838 2724; x_wconf 79' lang='lat' dir='ltr'><strong>ad</strong></span> <span class='ocrx_word' id='word_1_215' title='bbox 1883 2674 2049 2725; x_wconf 80' lang='lat' dir='ltr'><strong>Patres</strong></span> 
     </span>
     <span class='ocr_line' id='line_1_26' title="bbox 126 2740 1728 2804; baseline 0.005 -20"><span class='ocrx_word' id='word_1_216' title='bbox 126 2754 252 2797; x_wconf 78' lang='lat' dir='ltr'><strong>cam,</strong></span> <span class='ocrx_word' id='word_1_217' title='bbox 276 2740 512 2799; x_wconf 78' lang='lat' dir='ltr'><strong>Siciliam,</strong></span> <span class='ocrx_word' id='word_1_218' title='bbox 531 2754 579 2790; x_wconf 78' lang='lat' dir='ltr'><strong>et</strong></span> <span class='ocrx_word' id='word_1_219' title='bbox 601 2743 791 2792; x_wconf 78' lang='lat' dir='ltr'><strong>Italicas</strong></span> <span class='ocrx_word' id='word_1_220' title='bbox 814 2745 1043 2804; x_wconf 73' lang='lat' dir='ltr'><strong>colonias,</strong></span> <span class='ocrx_word' id='word_1_221' title='bbox 1130 2747 1355 2794; x_wconf 77' lang='lat' dir='ltr'><strong>retulerat</strong></span> <span class='ocrx_word' id='word_1_222' title='bbox 1383 2745 1728 2803; x_wconf 81' lang='lat' dir='ltr'><strong>Quintilianus.</strong></span> 
     </span>
    </p>

    <p class='ocr_par' dir='ltr' id='par_1_10' title="bbox 126 2808 2052 2876">
     <span class='ocr_line' id='line_1_27' title="bbox 126 2808 2052 2876; baseline 0.005 -26"><span class='ocrx_word' id='word_1_223' title='bbox 126 2808 210 2870; x_wconf 80' lang='lat' dir='ltr'><strong>qui</strong></span> <span class='ocrx_word' id='word_1_224' title='bbox 232 2823 324 2855; x_wconf 87' lang='lat' dir='ltr'><strong>non</strong></span> <span class='ocrx_word' id='word_1_225' title='bbox 348 2809 493 2857; x_wconf 70' lang='lat' dir='ltr'><strong>modo</strong></span> <span class='ocrx_word' id='word_1_226' title='bbox 511 2811 760 2868; x_wconf 71' lang='lat' dir='ltr'><strong>Cumanae,</strong></span> <span class='ocrx_word' id='word_1_227' title='bbox 783 2812 865 2859; x_wconf 82' lang='lat' dir='ltr'><strong>sed</strong></span> <span class='ocrx_word' id='word_1_228' title='bbox 889 2815 1043 2860; x_wconf 84' lang='lat' dir='ltr'><strong>omni-</strong></span> <span class='ocrx_word' id='word_1_229' title='bbox 1189 2810 1206 2838; x_wconf 84' lang='lat'>³</span> <span class='ocrx_word' id='word_1_230' title='bbox 1241 2814 1277 2863; x_wconf 88' lang='lat' dir='ltr'><em>J</em></span> <span class='ocrx_word' id='word_1_231' title='bbox 1282 2820 1392 2862; x_wconf 72' lang='lat' dir='ltr'><strong>urta</strong></span> <span class='ocrx_word' id='word_1_232' title='bbox 1404 2813 1691 2861; x_wconf 71' lang='lat' dir='ltr'><strong>seditionem.</strong></span> <span class='ocrx_word' id='word_1_233' title='bbox 1714 2812 1881 2861; x_wconf 68' lang='lat' dir='ltr'><strong>Ferme</strong></span> <span class='ocrx_word' id='word_1_234' title='bbox 1896 2827 2052 2876; x_wconf 88' lang='lat' dir='ltr'><strong>usque</strong></span> 
     </span>
    </p>
   </div>
   <div class='ocr_carea' id='block_1_10' title="bbox 40 2875 1821 2945">
    <p class='ocr_par' dir='ltr' id='par_1_11' title="bbox 40 2875 1821 2945">
     <span class='ocr_line' id='line_1_28' title="bbox 40 2875 1821 2945; baseline 0.002 -20"><span class='ocrx_word' id='word_1_235' title='bbox 40 2920 46 2925; x_wconf 79' lang='grc'>.</span> <span class='ocrx_word' id='word_1_236' title='bbox 127 2890 208 2923; x_wconf 86' lang='lat' dir='ltr'><strong>um</strong></span> <span class='ocrx_word' id='word_1_237' title='bbox 244 2875 540 2939; x_wconf 80' lang='lat' dir='ltr'><strong>Sibyllarum</strong></span> <span class='ocrx_word' id='word_1_238' title='bbox 588 2878 815 2943; x_wconf 63' lang='lat' dir='ltr'><strong>reliquias</strong></span> <span class='ocrx_word' id='word_1_239' title='bbox 849 2880 1046 2945; x_wconf 79' lang='lat' dir='ltr'><strong>collige·</strong></span> <span class='ocrx_word' id='word_1_240' title='bbox 1130 2882 1190 2929; x_wconf 88' lang='lat' dir='ltr'><strong>ad</strong></span> <span class='ocrx_word' id='word_1_241' title='bbox 1216 2882 1495 2929; x_wconf 72' lang='lat' dir='ltr'><strong>seditionem</strong></span> <span class='ocrx_word' id='word_1_242' title='bbox 1522 2889 1715 2928; x_wconf 86' lang='lat' dir='ltr'><strong>ventum</strong></span> <span class='ocrx_word' id='word_1_243' title='bbox 1737 2890 1821 2929; x_wconf 90' lang='lat' dir='ltr'><strong>est.</strong></span> 
     </span>
    </p>
   </div>
   <div class='ocr_carea' id='block_1_11' title="bbox 0 0 75 3964">
    <p class='ocr_par' dir='ltr' id='par_1_12' title="bbox 0 0 75 3964">
     <span class='ocr_line' id='line_1_29' title="bbox 0 0 75 3964; baseline 0 0"><span class='ocrx_word' id='word_1_244' title='bbox 0 0 75 3964; x_wconf 95' lang='lat' dir='ltr'><strong> </strong></span> 
     </span>
    </p>
   </div>
   <div class='ocr_carea' id='block_1_12' title="bbox 55 2944 2061 3756">
    <p class='ocr_par' dir='ltr' id='par_1_13' title="bbox 126 2944 2053 3283">
     <span class='ocr_line' id='line_1_30' title="bbox 126 2944 2052 3011; baseline 0.003 -21"><span class='ocrx_word' id='word_1_245' title='bbox 126 2956 247 2991; x_wconf 85' lang='lat' dir='ltr'><strong>rent.</strong></span> <span class='ocrx_word' id='word_1_246' title='bbox 319 2944 395 2991; x_wconf 86' lang='lat' dir='ltr'><strong>De</strong></span> <span class='ocrx_word' id='word_1_247' title='bbox 432 2944 593 3002; x_wconf 83' lang='lat' dir='ltr'><strong>Sam0,</strong></span> <span class='ocrx_word' id='word_1_248' title='bbox 630 2947 810 2994; x_wconf 70' lang='lat' dir='ltr'><strong>Annal.</strong></span> <span class='ocrx_word' id='word_1_249' title='bbox 850 2963 922 2995; x_wconf 79' lang='lat' dir='ltr'><strong>xv.</strong></span> <span class='ocrx_word' id='word_1_250' title='bbox 966 2954 1041 2997; x_wconf 73' lang='lat'><strong>14.</strong></span> <span class='ocrx_word' id='word_1_251' title='bbox 1195 2946 1220 2975; x_wconf 83' lang='lat'>⁴</span> <span class='ocrx_word' id='word_1_252' title='bbox 1256 2948 1500 2997; x_wconf 48' lang='lat' dir='ltr'><strong>Licentiae</strong></span> <span class='ocrx_word' id='word_1_253' title='bbox 1533 2947 1807 3011; x_wconf 62' lang='lat' dir='ltr'><strong>efflagitata.</strong></span> <span class='ocrx_word' id='word_1_254' title='bbox 1847 2947 2052 2996; x_wconf 79' lang='lat' dir='ltr'><strong>Summa</strong></span> 
     </span>
     <span class='ocr_line' id='line_1_31' title="bbox 131 3009 2050 3070; baseline 0.003 -12"><span class='ocrx_word' id='word_1_255' title='bbox 131 3010 208 3058; x_wconf 90' lang='lat' dir='ltr'><strong>De</strong></span> <span class='ocrx_word' id='word_1_256' title='bbox 248 3009 357 3070; x_wconf 81' lang='lat' dir='ltr'><strong>llio,</strong></span> <span class='ocrx_word' id='word_1_257' title='bbox 400 3012 577 3061; x_wconf 71' lang='lat' dir='ltr'><strong>Amnal.</strong></span> <span class='ocrx_word' id='word_1_258' title='bbox 615 3027 676 3062; x_wconf 85' lang='lat'><strong>11.</strong></span> <span class='ocrx_word' id='word_1_259' title='bbox 715 3019 796 3062; x_wconf 70' lang='lat'><strong>54.</strong></span> <span class='ocrx_word' id='word_1_260' title='bbox 845 3031 919 3063; x_wconf 84' lang='grc' dir='ltr'><strong>ιν.</strong></span> <span class='ocrx_word' id='word_1_261' title='bbox 963 3021 1043 3064; x_wconf 85' lang='grc'><strong>55.</strong></span> <span class='ocrx_word' id='word_1_262' title='bbox 1133 3017 1464 3064; x_wconf 81' lang='lat' dir='ltr'><strong>Romanorum</strong></span> <span class='ocrx_word' id='word_1_263' title='bbox 1511 3015 1562 3063; x_wconf 90' lang='lat' dir='ltr'><strong>in</strong></span> <span class='ocrx_word' id='word_1_264' title='bbox 1610 3016 1793 3062; x_wconf 83' lang='lat' dir='ltr'><strong>theatro</strong></span> <span class='ocrx_word' id='word_1_265' title='bbox 1838 3015 2050 3064; x_wconf 84' lang='lat' dir='ltr'><strong>licentia.</strong></span> 
     </span>
     <span class='ocr_line' id='line_1_32' title="bbox 126 3076 2052 3146; baseline 0.002 -20"><span class='ocrx_word' id='word_1_266' title='bbox 126 3076 314 3127; x_wconf 73' lang='lat' dir='ltr'><strong>dictum</strong></span> <span class='ocrx_word' id='word_1_267' title='bbox 338 3091 423 3128; x_wconf 65' lang='grc' dir='ltr'><strong>ωε.</strong></span> <span class='ocrx_word' id='word_1_268' title='bbox 494 3080 731 3145; x_wconf 71' lang='lat' dir='ltr'><strong>Erythra»,</strong></span> <span class='ocrx_word' id='word_1_269' title='bbox 768 3084 879 3131; x_wconf 85' lang='lat' dir='ltr'><strong>urbs</strong></span> <span class='ocrx_word' id='word_1_270' title='bbox 905 3084 1047 3131; x_wconf 82' lang='lat' dir='ltr'><strong>mari·</strong></span> <span class='ocrx_word' id='word_1_271' title='bbox 1136 3086 1190 3133; x_wconf 84' lang='lat' dir='ltr'><strong>ln</strong></span> <span class='ocrx_word' id='word_1_272' title='bbox 1235 3083 1379 3132; x_wconf 88' lang='lat' dir='ltr'><strong>simili</strong></span> <span class='ocrx_word' id='word_1_273' title='bbox 1431 3098 1630 3130; x_wconf 84' lang='lat' dir='ltr'><strong>annonoe</strong></span> <span class='ocrx_word' id='word_1_274' title='bbox 1684 3082 1915 3146; x_wconf 77' lang='lat' dir='ltr'><strong>gravitate</strong></span> <span class='ocrx_word' id='word_1_275' title='bbox 1958 3083 2052 3131; x_wconf 78' lang='lat' dir='ltr'><strong>fuit</strong></span> 
     </span>
     <span class='ocr_line' id='line_1_33' title="bbox 130 3145 2053 3216; baseline 0.003 -23"><span class='ocrx_word' id='word_1_276' title='bbox 130 3146 250 3194; x_wconf 77' lang='lat' dir='ltr'><strong>tima</strong></span> <span class='ocrx_word' id='word_1_277' title='bbox 276 3145 440 3203; x_wconf 75' lang='lat' dir='ltr'><strong>loniae,</strong></span> <span class='ocrx_word' id='word_1_278' title='bbox 474 3162 605 3196; x_wconf 85' lang='lat' dir='ltr'><strong>nunc</strong></span> <span class='ocrx_word' id='word_1_279' title='bbox 643 3148 862 3214; x_wconf 74' lang='lat' dir='ltr'><strong>Erythri,</strong></span> <span class='ocrx_word' id='word_1_280' title='bbox 897 3166 1046 3215; x_wconf 82' lang='lat' dir='ltr'><strong>prope</strong></span> <span class='ocrx_word' id='word_1_281' title='bbox 1133 3151 1296 3216; x_wconf 69' lang='lat' dir='ltr'><strong>postea</strong></span> <span class='ocrx_word' id='word_1_282' title='bbox 1318 3152 1366 3199; x_wconf 91' lang='lat' dir='ltr'><strong>in</strong></span> <span class='ocrx_word' id='word_1_283' title='bbox 1389 3150 1522 3199; x_wconf 86' lang='lat' dir='ltr'><strong>circo</strong></span> <span class='ocrx_word' id='word_1_284' title='bbox 1542 3148 1898 3199; x_wconf 79' lang='lat' dir='ltr'><strong>adclamatum:</strong></span> <span class='ocrx_word' id='word_1_285' title='bbox 1931 3166 2053 3214; x_wconf 81' lang='lat' dir='ltr'><strong>pone</strong></span> 
     </span>
     <span class='ocr_line' id='line_1_34' title="bbox 128 3212 1733 3283; baseline 0.003 -24"><span class='ocrx_word' id='word_1_286' title='bbox 128 3212 304 3261; x_wconf 80' lang='lat' dir='ltr'><strong>c&#39;hium</strong></span> <span class='ocrx_word' id='word_1_287' title='bbox 331 3213 556 3264; x_wconf 73' lang='lat' dir='ltr'><strong>insulam.</strong></span> <span class='ocrx_word' id='word_1_288' title='bbox 600 3215 882 3265; x_wconf 75' lang='lat' dir='ltr'><strong>Lactantius</strong></span> <span class='ocrx_word' id='word_1_289' title='bbox 901 3218 1047 3266; x_wconf 82' lang='lat' dir='ltr'><strong>divin.</strong></span> <span class='ocrx_word' id='word_1_290' title='bbox 1130 3220 1334 3283; x_wconf 77' lang='lat' dir='ltr'><strong>pretium</strong></span> <span class='ocrx_word' id='word_1_291' title='bbox 1357 3219 1491 3268; x_wconf 79' lang='lat' dir='ltr'><strong>carni</strong></span> <span class='ocrx_word' id='word_1_292' title='bbox 1513 3218 1733 3266; x_wconf 79' lang='lat' dir='ltr'><strong>humanoe.</strong></span> 
     </span>
    </p>

    <p class='ocr_par' dir='ltr' id='par_1_14' title="bbox 55 3278 2056 3621">
     <span class='ocr_line' id='line_1_35' title="bbox 133 3278 2054 3349; baseline 0.002 -21"><span class='ocrx_word' id='word_1_293' title='bbox 133 3281 344 3330; x_wconf 76' lang='lat' dir='ltr'><strong>institut.</strong></span> <span class='ocrx_word' id='word_1_294' title='bbox 389 3296 427 3329; x_wconf 84' lang='lat'><strong>1.</strong></span> <span class='ocrx_word' id='word_1_295' title='bbox 468 3278 519 3330; x_wconf 84' lang='lat'><strong>6.</strong></span> <span class='ocrx_word' id='word_1_296' title='bbox 565 3283 710 3332; x_wconf 85' lang='lat' dir='ltr'><strong>docet</strong></span> <span class='ocrx_word' id='word_1_297' title='bbox 750 3285 911 3333; x_wconf 69' lang='lat' dir='ltr'><strong>minoe</strong></span> <span class='ocrx_word' id='word_1_298' title='bbox 954 3301 1048 3334; x_wconf 74' lang='lat' dir='ltr'><strong>esee</strong></span> <span class='ocrx_word' id='word_1_299' title='bbox 1204 3284 1221 3313; x_wconf 80' lang='lat'>⁵</span> <span class='ocrx_word' id='word_1_300' title='bbox 1260 3286 1507 3335; x_wconf 79' lang='lat' dir='ltr'><strong>Silentium</strong></span> <span class='ocrx_word' id='word_1_301' title='bbox 1528 3284 1689 3349; x_wconf 68' lang='lat' dir='ltr'><strong>ipsius.</strong></span> <span class='ocrx_word' id='word_1_302' title='bbox 1740 3283 1886 3334; x_wconf 82' lang='lat' dir='ltr'><strong>Siluit</strong></span> <span class='ocrx_word' id='word_1_303' title='bbox 1910 3283 2054 3333; x_wconf 79' lang='lat' dir='ltr'><strong>Tibe-</strong></span> 
     </span>
     <span class='ocr_line' id='line_1_36' title="bbox 55 3347 2056 3418; baseline 0.002 -23"><span class='ocrx_word' id='word_1_304' title='bbox 55 3383 68 3406; x_wconf 73' lang='grc'>,</span> <span class='ocrx_word' id='word_1_305' title='bbox 131 3347 363 3413; x_wconf 71' lang='lat' dir='ltr'><strong>Erythras</strong></span> <span class='ocrx_word' id='word_1_306' title='bbox 403 3348 460 3396; x_wconf 82' lang='lat' dir='ltr'><strong>P.</strong></span> <span class='ocrx_word' id='word_1_307' title='bbox 487 3347 758 3408; x_wconf 75' lang='lat' dir='ltr'><strong>Gabinium,</strong></span> <span class='ocrx_word' id='word_1_308' title='bbox 788 3350 864 3400; x_wconf 90' lang='lat' dir='ltr'><strong>M.</strong></span> <span class='ocrx_word' id='word_1_309' title='bbox 890 3351 1051 3401; x_wconf 77' lang='lat' dir='ltr'><strong>Otaci-</strong></span> <span class='ocrx_word' id='word_1_310' title='bbox 1139 3353 1255 3413; x_wconf 85' lang='lat' dir='ltr'><strong>rius,</strong></span> <span class='ocrx_word' id='word_1_311' title='bbox 1280 3370 1364 3401; x_wconf 83' lang='lat' dir='ltr'><strong>nec</strong></span> <span class='ocrx_word' id='word_1_312' title='bbox 1384 3353 1543 3401; x_wconf 86' lang='lat' dir='ltr'><strong>edicto</strong></span> <span class='ocrx_word' id='word_1_313' title='bbox 1567 3351 1846 3401; x_wconf 79' lang='lat' dir='ltr'><strong>seditionem</strong></span> <span class='ocrx_word' id='word_1_314' title='bbox 1877 3368 2056 3418; x_wconf 83' lang='lat' dir='ltr'><strong>repres-</strong></span> 
     </span>
     <span class='ocr_line' id='line_1_37' title="bbox 129 3414 2055 3485; baseline 0.004 -24"><span class='ocrx_word' id='word_1_315' title='bbox 129 3416 256 3472; x_wconf 79' lang='lat' dir='ltr'><strong>le&#39;um,</strong></span> <span class='ocrx_word' id='word_1_316' title='bbox 296 3414 354 3465; x_wconf 90' lang='lat' dir='ltr'><strong>L.</strong></span> <span class='ocrx_word' id='word_1_317' title='bbox 389 3414 643 3476; x_wconf 77' lang='lat' dir='ltr'><strong>Valerium,</strong></span> <span class='ocrx_word' id='word_1_318' title='bbox 677 3418 757 3482; x_wconf 79' lang='lat' dir='ltr'><strong>qui</strong></span> <span class='ocrx_word' id='word_1_319' title='bbox 792 3420 1052 3484; x_wconf 72' lang='lat' dir='ltr'><strong>descriptos</strong></span> <span class='ocrx_word' id='word_1_320' title='bbox 1139 3421 1215 3469; x_wconf 70' lang='lat' dir='ltr'><strong>sit.</strong></span> <span class='ocrx_word' id='word_1_321' title='bbox 1284 3423 1354 3468; x_wconf 76' lang='lat' dir='ltr'><strong>At</strong></span> <span class='ocrx_word' id='word_1_322' title='bbox 1396 3420 1543 3485; x_wconf 78' lang='lat' dir='ltr'><strong>ipsius</strong></span> <span class='ocrx_word' id='word_1_323' title='bbox 1585 3419 1826 3467; x_wconf 80' lang='lat' dir='ltr'><strong>silentium</strong></span> <span class='ocrx_word' id='word_1_324' title='bbox 1867 3436 1964 3468; x_wconf 87' lang='lat' dir='ltr'><strong>non</strong></span> <span class='ocrx_word' id='word_1_325' title='bbox 2005 3420 2055 3468; x_wconf 87' lang='lat' dir='ltr'><strong>iu</strong></span> 
     </span>
     <span class='ocr_line' id='line_1_38' title="bbox 130 3483 2055 3547; baseline 0.002 -17"><span class='ocrx_word' id='word_1_326' title='bbox 130 3484 160 3531; x_wconf 76' lang='grc' dir='ltr'><strong>ιὶ</strong></span> <span class='ocrx_word' id='word_1_327' title='bbox 189 3483 397 3547; x_wconf 66' lang='lat' dir='ltr'><strong>privatis</strong></span> <span class='ocrx_word' id='word_1_328' title='bbox 431 3500 593 3533; x_wconf 70' lang='lat' dir='ltr'><strong>versus</strong></span> <span class='ocrx_word' id='word_1_329' title='bbox 622 3485 751 3534; x_wconf 76' lang='lat' dir='ltr'><strong>circa</strong></span> <span class='ocrx_word' id='word_1_330' title='bbox 797 3486 922 3535; x_wconf 79' lang='lat' dir='ltr'><strong>mille</strong></span> <span class='ocrx_word' id='word_1_331' title='bbox 958 3487 1055 3535; x_wconf 78' lang='lat' dir='ltr'><strong>Ro-</strong></span> <span class='ocrx_word' id='word_1_332' title='bbox 1142 3487 1503 3546; x_wconf 84' lang='lat' dir='ltr'><strong>humanitatem,</strong></span> <span class='ocrx_word' id='word_1_333' title='bbox 1555 3499 1610 3536; x_wconf 89' lang='lat' dir='ltr'><strong>ut</strong></span> <span class='ocrx_word' id='word_1_334' title='bbox 1653 3487 1934 3547; x_wconf 78' lang='lat' dir='ltr'><strong>crediderat,</strong></span> <span class='ocrx_word' id='word_1_335' title='bbox 1974 3488 2055 3535; x_wconf 85' lang='lat' dir='ltr'><strong>sed</strong></span> 
     </span>
     <span class='ocr_line' id='line_1_39' title="bbox 132 3550 1901 3621; baseline 0.003 -25"><span class='ocrx_word' id='word_1_336' title='bbox 132 3566 246 3597; x_wconf 81' lang='lat' dir='ltr'><strong>mam</strong></span> <span class='ocrx_word' id='word_1_337' title='bbox 294 3550 628 3615; x_wconf 63' lang='lat' dir='ltr'><strong>deportarunt.</strong></span> <span class='ocrx_word' id='word_1_338' title='bbox 714 3553 852 3612; x_wconf 85' lang='lat' dir='ltr'><strong>Quid</strong></span> <span class='ocrx_word' id='word_1_339' title='bbox 896 3555 1056 3602; x_wconf 84' lang='lat' dir='ltr'><strong>value·</strong></span> <span class='ocrx_word' id='word_1_340' title='bbox 1143 3556 1190 3603; x_wconf 88' lang='lat' dir='ltr'><strong>in</strong></span> <span class='ocrx_word' id='word_1_341' title='bbox 1214 3556 1486 3621; x_wconf 74' lang='lat' dir='ltr'><strong>superbiam</strong></span> <span class='ocrx_word' id='word_1_342' title='bbox 1512 3555 1602 3603; x_wconf 79' lang='lat' dir='ltr'><strong>fuit</strong></span> <span class='ocrx_word' id='word_1_343' title='bbox 1627 3565 1901 3619; x_wconf 78' lang='lat' dir='ltr'><strong>acceptum.</strong></span> 
     </span>
    </p>

    <p class='ocr_par' dir='ltr' id='par_1_15' title="bbox 132 3617 2061 3756">
     <span class='ocr_line' id='line_1_40' title="bbox 133 3617 2059 3686; baseline 0.003 -23"><span class='ocrx_word' id='word_1_344' title='bbox 133 3618 227 3665; x_wconf 80' lang='lat' dir='ltr'><strong>rint</strong></span> <span class='ocrx_word' id='word_1_345' title='bbox 281 3618 391 3667; x_wconf 81' lang='lat' dir='ltr'><strong>libri</strong></span> <span class='ocrx_word' id='word_1_346' title='bbox 448 3618 694 3683; x_wconf 78' lang='lat' dir='ltr'><strong>Sibyllini,</strong></span> <span class='ocrx_word' id='word_1_347' title='bbox 749 3622 869 3669; x_wconf 88' lang='lat' dir='ltr'><strong>olim</strong></span> <span class='ocrx_word' id='word_1_348' title='bbox 916 3637 1054 3686; x_wconf 76' lang='lat' dir='ltr'><strong>penes</strong></span> <span class='ocrx_word' id='word_1_349' title='bbox 1209 3617 1230 3646; x_wconf 83' lang='lat'><em>⁶</em></span> <span class='ocrx_word' id='word_1_350' title='bbox 1278 3622 1421 3671; x_wconf 70' lang='lat' dir='ltr'><strong>Nihil</strong></span> <span class='ocrx_word' id='word_1_351' title='bbox 1461 3624 1523 3671; x_wconf 78' lang='lat' dir='ltr'><strong>ad</strong></span> <span class='ocrx_word' id='word_1_352' title='bbox 1562 3622 1749 3671; x_wconf 74' lang='lat' dir='ltr'><strong>serium.</strong></span> <span class='ocrx_word' id='word_1_353' title='bbox 1807 3621 2059 3670; x_wconf 79' lang='lat' dir='ltr'><strong>Geminius</strong></span> 
     </span>
     <span class='ocr_line' id='line_1_41' title="bbox 132 3681 2061 3756; baseline 0.002 -25"><span class='ocrx_word' id='word_1_354' title='bbox 132 3681 332 3734; x_wconf 82' lang='lat' dir='ltr'><strong>lectores</strong></span> <span class='ocrx_word' id='word_1_355' title='bbox 361 3685 454 3735; x_wconf 78' lang='lat' dir='ltr'><strong>fuit</strong></span> <span class='ocrx_word' id='word_1_356' title='bbox 482 3686 751 3750; x_wconf 80' lang='lat' dir='ltr'><strong>judicium.</strong></span> <span class='ocrx_word' id='word_1_357' title='bbox 818 3689 944 3747; x_wconf 60' lang='lat' dir='ltr'><strong>Qun:</strong></span> <span class='ocrx_word' id='word_1_358' title='bbox 965 3692 1054 3738; x_wconf 79' lang='lat' dir='ltr'><strong>sub</strong></span> <span class='ocrx_word' id='word_1_359' title='bbox 1143 3690 1348 3740; x_wconf 79' lang='lat' dir='ltr'><strong>amicus·</strong></span> <span class='ocrx_word' id='word_1_360' title='bbox 1374 3691 1531 3740; x_wconf 77' lang='lat' dir='ltr'><strong>fuerat</strong></span> <span class='ocrx_word' id='word_1_361' title='bbox 1563 3690 1741 3756; x_wconf 66' lang='lat' dir='ltr'><strong>sejani,</strong></span> <span class='ocrx_word' id='word_1_362' title='bbox 1781 3690 1863 3753; x_wconf 84' lang='lat' dir='ltr'><strong>qui</strong></span> <span class='ocrx_word' id='word_1_363' title='bbox 1902 3700 2061 3738; x_wconf 81' lang='lat' dir='ltr'><strong>tumen</strong></span> 
     </span>
    </p>
   </div>
  </div>
 </body>
</html>
