2268 3964
230 187 299 242 liv
954 173 1395 239 PRAEFAT10.-

241 345 640 422 Christianis
706 329 983 435 quoque
1049 341 1210 408 cum
1277 364 1463 430 saepe
1513 350 1689 408 esset
1743 343 1908 411 mihi
1940 367 2152 435 agen·
2235 352 2245 363 ’

242 473 436 551 dum,
458 468 643 560 juvit
667 489 789 534 cur
811 466 900 547 ab
934 461 1215 555 optimis
1242 463 1448 530 etiam
1473 461 1925 553 Principibus·
1945 475 2143 534 vexa·

244 599 480 658 rentur
531 585 968 677 expendere.
1092 581 1451 672 Stupenda
1515 581 1798 648 demum
1874 580 2155 673 Trajani.
2250 565 2253 575 ’

247 719 480 801 opera,
560 717 842 798 pontem
924 727 1130 795 supra
1175 703 1645 782 ·Danubium,
1733 702 2152 783 columnam,

246 853 491 898 navem
559 827 893 903 omnium,
933 825 1357 903 maximam,
1421 822 1724 911 aliaque,
1783 820 1855 887 id
1941 844 2157 916 genus
2242 858 2257 901 η

250 957 722 1025 monumenta,
771 943 1166 1036 singillatim
1199 942 1551 1032 descripsi.
1649 942 1767 1022 Et,
1815 940 1978 1009 cum
2010 942 2162 1013 sese.
2253 929 2259 973 ³³

250 1068 523 1137 occasio
557 1065 874 1145 ded-isset,
921 1072 1001 1131 ut
1028 1063 1485 1153 fragmentum
1513 1061 1655 1128 Titi
1684 1059 1887 1142 Livii,
1922 1083 2153 1132 recens
2248 1110 2251 1154 3

250 1203 644 1278 repertum,
702 1185 1075 1263 laudarem,
1156 1205 1437 1274 operam
1508 1204 1731 1250 meam
1795 1180 2167 1257 desiderari
2243 1248 2248 1251 .

256 1331 392 1375 non
431 1330 579 1372 sum
618 1327 880 1395 passuS,
931 1311 1011 1370 u't
1041 1283 1321 1370 eruditis
1369 1303 1524 1370 viris
1557 1302 1990 1393 gratificarer,
2039 1299 2174 1390 qui
2248 1360 2251 1365 ,

238 1426 511 1495 foedam
557 1425 736 1491 hanc
785 1432 855 1489 et
886 1423 1180 1490 laceram
1216 1419 1396 1487 Livii
1430 1422 1753 1489 laciniam
1787 1419 2163 1513 integritati

259 1570 436 1626 suae„
472 1544 861 1612 restitutam
925 1550 1401 1633 percuperent.
1501 1541 1682 1610 Illud
1739 1539 1901 1635 ergo
1959 1540 2166 1630 Frag-
2250 1594 2252 1597 .

258 1675 570 1734 mentum
598 1663 1076 1754 supplemento
1101 1661 1374 1752 explevi
1401 1687 1420 1739 ;
1467 1670 1562 1743 et,
1595 1687 1683 1731 ne
1709 1664 1877 1755 quid
1904 1664 2169 1733 deesset
2246 1706 2249 1710 ι

263 1784 903 1875 utilitati-publicae,
953 1784 1516 1852 adnotationibus
1547 1783 1894 1853 illustravi.

361 2026 536 2094 Haec
590 2024 750 2093 cum
806 2024 1294 2115 praestitissem,
1365 2025 1559 2092 nihil.
1596 2026 1937 2117 reliquum
1999 2025 2187 2102 mihi.

266 2148 512 2227 visum,
562 2144 776 2236 quam
832 2155 910 2211 ut
953 2145 1196 2212 miram
1228 2146 1298 2211 in
1331 2144 1575 2214 Tacito
1609 2170 1835 2214 rerum
1869 2147 2171 2216 civilium
2248 2126 2268 2202 i?

269 2265 735 2364 prudentiam,
808 2265 1127 2332 omnibus
1184 2265 1624 2346 celebratam,
1670 2290 1798 2335 nec
1834 2245 2183 2358 umquam·

270 2388 432 2455 satis
467 2386 936 2477 praedicatam,
988 2385 1116 2452 sub
1174 2409 1311 2451 uno
1363 2387 1562 2475 quasi
1613 2387 1869 2455 intuitu
1904 2388 2179 2479 conspi-

273 2507 613 2587 ciendam,
661 2515 730 2574 et
779 2507 1077 2598 politicae
1111 2507 1411 2574 scientiae
1445 2488 1715 2598 cupidis
1748 2493 1952 2578 facile
1982 2532 2181 2599 para·
2266 2552 2268 2554 ·

272 2628 483 2695 bilem
516 2650 993 2718 proponerem.
1095 2627 1306 2707 Quod
1360 2636 1439 2694 ut
1471 2627 1907 2718 adsequerer,
1953 2629 2182 2698 Taciti

275 2747 565 2838 politica¹
590 2769 728 2814 non
778 2745 986 2814 modo
1021 2747 1284 2837 collegi,
1334 2746 1453 2814 sed
1487 2755 1557 2814 et
1589 2771 1675 2815 ex
1707 2748 1787 2814 iis
1811 2747 2182 2839 ,politicum
2250 2759 2268 2843 3²5

278 2864 631 2958 quoddam
666 2889 912 2957 corpus
947 2867 1264 2948 conflavi,
1307 2867 1529 2958 quod
1556 2870 1724 2957 quaey
1768 2868 1839 2934 in
1887 2869 2184 2959 publicae
2248 2845 2268 2986 i}

265 2987 374 3054 rei
427 2987 731 3076 vitaeque
786 2990 1167 3074 communis
1221 3002 1350 3057 usu
1405 2989 1758 3080 praecipua
1788 2999 1946 3056 sunt
2000 3008 2188 3064 com-
2244 3011 2268 3101 ss

277 3105 717 3197 plecteretur.
802 3108 896 3185 Iis
947 3108 1255 3178 imbutus
1302 3111 1570 3177 animus
1623 3109 1758 3177 alia
1790 3108 2086 3200 plurima
2116 3121 2191 3178 et
2238 3103 2268 3190 ἐ

279 3226 832 3316 exquisitissima,
888 3229 1206 3300 Tacitum
1257 3231 1641 3323 relegendO,
1689 3231 1985 3320 deteget,
2035 3228 2191 3319 qui·

283 3344 435 3427 buS,
484 3357 563 3414 ut
594 3349 753 3430 suiS,
801 3374 928 3420 nec
975 3351 1018 3420 a
1061 3377 1173 3421 me
1203 3353 1619 3434 monstratis,-
1667 3349 1927 3443 gratius
1960 3347 2188 3417 adhuc
2250 3401 2254 3410 .
