2268 3964
262 182 372 231 '320
877 166 936 220 C'.
973 166 1306 220 CORNELII
1339 165 1580 225 TAcn‘r
1819 180 1884 229 A.
1906 178 1969 232 U.
1990 179 2051 232 C.
2072 180 2190 239 785.

266 318 311 348 “
341 305 535 388 emplo
563 294 842 364 adsumo:
887 314 1148 374 cunctos,
1177 300 1277 382 qui
1303 301 1593 362 novissimi
1620 303 1838 366 consilii
1857 311 1873 336 ¹
1916 325 2187 390 expertes

264 413 311 444 ‘⁶
339 405 574 475 fuimus,
604 421 736 459 meo
776 396 942 457 unius
971 396 1295 456 discrimine
1323 396 1647 458 defendam.
1732 402 1874 463 Non
1902 405 2059 466 enim
2083 411 2185 470 Sea·

263 509 307 541 ‘⁶
333 506 533 587 janum
563 495 1004 568 Vulsiniensem,
1049 494 1150 553 sed
1193 494 1452 555 Claudiae
1494 510 1554 555 et
1576 496 1742 558 Juliae
1769 499 2022 565 domus-2
2055 524 2185 584 par..

262 606 309 637 “
337 613 479 670 tem,
503 615 643 675 quas
672 591 959 651 adfinitate
981 604 1378 669 occupaverat,
1414 605 1602 665 tuum,
1635 595 1851 668 Caesar,
1879 614 2185 678 generum,

262 704 308 735 ‘⁶
336 696 421 756 tui
448 690 781 753 consulatus
803 687 1044 761 socium,
1066 701 1164 746 tua
1190 687 1374 748 officia
1392 688 1452 747 in
1479 690 1774 769 republica
1796 708 2185 772 capessentem

263 800 308 833 “
337 783 684 854 colebam-us.
771 787 911 846 Non
938 799 1022 844 est
1049 797 1312 845 nostrum
1340 785 1642 860 aestimare,
1679 803 1855 868 quem
1883 808 2058 871 supra
2092 813 2187 852 ce.

264 894 311 929 ‘⁶
337 905 512 960 teroS,
537 901 590 946 et
614 883 820 964 quibus
848 882 921 941 de
942 882 1123 942 causis
1152 883 1408 943 extollas,
1495 883 1629 944 Tibi
1655 905 1949 945 summum
1984 906 2186 949 rerum

265 993 311 1023 ‘⁶
332 984 615 1068 judicium
656 979 757 1041 Dii
805 979 1052 1039 dedere:
1096 978 1263 1038 nobis
1305 978 1564 1060 obsequii
1611 980 1796 1062 gloria
1841 981 2038 1042 relicta
2078 995 2182 1044 est.

265 1090 309 1123 “
339 1086 675 1162 Spectamus
703 1076 905 1157 porro,
944 1097 1075 1156 quae
1114 1096 1308 1136 coram
1336 1075 1642 1150 habentur,
1683 1077 1789 1137 cui.
1813 1099 1888 1138 ex
1929 1091 1987 1138 te
2023 1094 2187 1159 opes,

265 1186 311 1217 ‘⁶
340 1180 610 1249 honoreS,
650 1173 809 1254 queis
836 1173 1082 1252 plurima
1102 1173 1340 1254 juvandi
1372 1174 1689 1233 nocendive
1721 1173 2007 1253 potentia:
2052 1189 2185 1257 quae

265 1282 311 1315 ⁸⁶
341 1278 546 1357 Sejano
584 1270 777 1343 fuisse,
817 1289 989 1328 nemo
1026 1268 1354 1349 negaverit:
1399 1260 1622 1330 abditos
1660 1270 1936 1350 Principis
1963 1289 2193 1345 sensus,

265 1380 311 1412 ‘⁶
341 1386 398 1432 et
425 1372 469 1431 si
497 1369 657 1450 quod
688 1366 970 1426 occultius
1003 1380 1184 1446 parat,
1228 1366 1554 1446 exquirere,
1594 1365 1895 1440 inlicitum,
1936 1382 2181 1447 anceps:

265 1475 311 1509 ‘⁶
339 1479 446 1528 nese
471 1467 604 1525 ideo
634 1465 963 1544 adsequare.
1019 1492 1021 1494 ·
1048 1465 1165 1536 Ne,
1195 1477 1383 1544 patres
1410 1463 1736 1544 conscripti,
1778 1463 2046 1524 ultimum
2084 1465 2186 1524 Se·

268 1574 311 1604 ‘⁶
330 1564 453 1650 jani
479 1562 655 1634 diem,
696 1561 798 1620 sed
826 1558 1118 1631 sexdecim
1146 1579 1325 1619 annos
1356 1559 1770 1641 cogitaveritis;
1818 1559 1986 1619 etiarn
2013 1558 2187 1620 Satri-

266 1670 310 1701 “
341 1682 442 1723 um
468 1675 641 1740 atque
666 1656 1088 1736 Pomponium³
1118 1657 1570 1716 venerabamur:
1616 1656 1830 1716 libertis
1858 1677 2090 1736 quoque
2118 1676 2187 1716 ac

269 1767 314 1797 “
336 1757 674 1842 janitoribus
723 1756 844 1835 ejus
892 1766 1209 1826 notescere,
1264 1772 1372 1831 pro
1429 1751 1736 1834 magnifico
1789 1751 2187 1832 accipiebatur.

268 1848 318 1895 *ἱ
345 1854 504 1935 Quid
527 1851 669 1933 ergo
691 1850 712 1910 ?
740 1847 1060 1909 indistincta
1080 1848 1206 1908 haec
1229 1845 1485 1908 defensio
1506 1861 1562 1908 et
1582 1847 1907 1929 promiscua
1927 1846 2188 1910 dabitur?

269 1954 313 1990 ‘⁶
341 1953 520 2011 immo
542 1948 706 2031 justis
734 1945 989 2006 terminis
1017 1944 1318 2004 dividatur.
1402 1944 1626 2006 Insidiae
1663 1945 1723 2004 in
1748 1943 2187 2025 rempublicam,

270 2052 320 2084 ‘⁶
343 2046 576 2108 consilia
596 2043 768 2105 caedis
795 2041 1106 2102 adversum
1128 2042 1561 2122 Imperatorem,
1583 2039 1924 2122 puniantur:
1957 2040 2030 2100 de
2049 2039 2189 2101 ami-

269 2139 314 2183 “
341 2143 472 2207 citia
499 2157 556 2203 et
582 2139 802 2215 officii8‚
828 2139 983 2200 idem
1010 2137 1140 2200 finis
1162 2146 1223 2199 'et
1248 2151 1328 2212 te,
1356 2139 1574 2212 Caesar,
1602 2151 1659 2199 et
1684 2157 1791 2200 nos
1818 2133 2187 2199 absolverit.'’
2260 2175 2261 2179 =

354 2342 412 2397 9.
460 2338 905 2429 ConsTANTm
935 2330 1225 2406 orationis,
1264 2344 1320 2392 et
1347 2330 1480 2413 quia
1505 2345 1766 2412 repertus
1791 2343 1933 2405 erat,
1970 2327 2071 2411 qui
2108 2320 2191 2390 ef-

267 2432 472 2508 ferret,
511 2453 643 2515 quae
687 2451 888 2492 omnes
931 2429 1122 2490 animo
1166 2427 1473 2511 agitabant,
1513 2429 1586 2490 eo
1617 2449 1800 2511 usque
1825 2440 2088 2510 potuere,
2123 2431 2191 2486 ut

270 2545 628 2594 accusatores
670 2531 814 2613 ejuS,
855 2527 1058 2590 additis
1091 2531 1243 2609 qu'ae*
1264 2524 1397 2588 ante
1436 2525 1814 2608 deliquerant,
1855 2523 2050 2597 exili0,
2090 2533 2189 2584 aut

315 2649 332 2681 S

345 2778 362 2802 ¹
400 2777 662 2829 Novissimi
682 2780 879 2830 consilii.
916 2778 1016 2837 Qui
1038 2780 1193 2832 novis-
1273 2797 1330 2830 eo
1373 2777 1712 2836 emendandus,
1751 2779 1839 2824 aut
1871 2771 2188 2837 explicandus
2256 2836 2261 2837 V

276 2849 382 2897 simi
405 2848 607 2906 consilii,
627 2848 756 2909 quod
780 2857 947 2895 contra
965 2849 1191 2911 patriam,
1273 2848 1488 2905 Tacitus,
1526 2845 1609 2910 qui
1641 2840 1723 2892 hic
1746 2853 1794 2891 et
1814 2847 1959 2905 supra
1982 2842 2110 2888 Ann.
2134 2852 2190 2886 v.

278 2925 448 2964 contra
495 2915 765 2978 Principem
821 2910 1078 2964 meditatus
1122 2924 1192 2963 est
1273 2915 1322 2964 6.
1359 2915 1604 2977 Sejanum‚
1624 2911 1803 2959 Tiberii
1828 2923 2070 2972 generum,
2090 2921 2188 2954 non
2265 2942 2268 2967 ÷

280 2984 497 3046 Sejanus,
530 2991 745 3049 expertes
765 2981 959 3030 fuimus.
1274 2984 1384 3032 vero
1406 2995 1717 3046 progenerum
1736 2975 1965 3042 appellat.
2033 2972 2098 3020 Et
2117 2972 2190 3020 in·
2261 2970 2268 2993 ‘²

349 3048 371 3071 ²
405 3049 612 3102 Claudiae
647 3055 694 3096 et
729 3048 873 3097 Juliae
905 3045 1078 3098 domas.
1114 3049 1194 3096 Se·
1273 3051 1347 3098 fra
1389 3063 1495 3110 cap.
1531 3051 1612 3101 27.
1649 3045 1761 3093 satis
1805 3042 1962 3091 innuit
2004 3040 2187 3093 Juliam
2264 3054 2267 3066 ³

274 3118 419 3181 janus
462 3132 571 3180 pars
605 3124 706 3162 erat
745 3115 962 3162 Claudiae
998 3115 1192 3171 familiae
1274 3130 1540 3180 numquam
1577 3114 1717 3162 fuisse
1745 3111 1916 3174 Sejano
1941 3107 2192 3173 desponsae
2263 3125 2267 3160 ς

279 3191 477 3249 propter
504 3176 652 3230 filiam
687 3198 840 3242 suam,
876 3181 1070 3230 Claudii
1093 3182 1193 3230 filio
1278 3196 1394 3232 tam·

2254 3026 2268 3075 -ἓ

2253 3083 2267 3122 >1

2263 3160 2268 3185 s

2263 3194 2266 3238 Ι

278 3253 627 3315 desponsatam,
663 3251 790 3297 Ann.
833 3263 919 3297 111.
966 3254 1047 3306 29.
1086 3265 1194 3312 pars
1363 3244 1385 3275 ⁸
1432 3247 1642 3296 Satrium
1688 3235 1828 3309 atque
1872 3241 2191 3306 Pomponium.

282 3334 476 3382 quoque
495 3316 657 3376 Juliae,
674 3324 867 3380 propter
885 3317 973 3364 sibi
995 3316 1195 3364 destina-
1278 3316 1499 3364 Nefarios
1523 3314 1680 3378 Sejani
1713 3313 1923 3361 clientes.
1993 3310 2069 3356 De
2105 3307 2190 3356 Sa·
2267 3305 2268 3332 ³

280 3394 380 3434 tam
415 3385 616 3442 Liviam,
653 3384 929 3432 Germanici
972 3397 1194 3430 sororem.
1279 3384 1387 3440 trio,
1424 3381 1657 3432 Cremutii
1702 3379 1847 3428 Cordi
1894 3382 2190 3433 accusatore,

2259 3411 2268 3450 ξι

284 3453 397 3502 Scio
418 3452 637 3514 equidem
661 3449 791 3514 apud
811 3450 1058 3510 Zonaram,
1082 3449 1196 3497 Vol.
1277 3451 1462 3498 dictum
1483 3464 1628 3511 supra
1651 3446 1829 3495 Annal.
1853 3461 1926 3492 1v.
1950 3446 2032 3491 34.
2059 3442 2189 3489 Infra
2258 3468 2261 3502 Ι

286 3533 327 3570 1.
352 3536 402 3584 p.
426 3523 538 3566 550.
569 3517 818 3564 memorari
841 3516 1042 3574 Juham,
1067 3517 1197 3564 Dru·
1277 3533 1385 3581 cap.
1421 3521 1500 3570 47.
1540 3514 1801 3578 Sejanianae
1847 3508 2190 3573 conjurationis

282 3590 324 3637 si
346 3586 511 3643 filiam,
530 3585 700 3646 Sejano
722 3585 1064 3647 desponsatam.
1103 3584 1195 3630 Sed
1276 3585 1419 3631 index
1443 3583 1585 3629 fuisse
1603 3581 1796 3633 dicitur.
1813 3579 1938 3631 Vide
1951 3584 2000 3627 et
2015 3573 2193 3646 Suppl.

284 3654 503 3704 sublestae
546 3652 677 3732 fidei..
697 3652 918 3703 Zonaras.
985 3651 1093 3706 Nec
1134 3666 1195 3700 ex
1279 3651 1410 3703 Libri
1435 3664 1484 3700 V.
1508 3653 1592 3700 32.

2245 3508 2261 3551 2}
