2268 3964
80 184 131 234 J.
154 185 213 234 C.
242 187 321 231 14.
570 173 956 225 ANNALIUM
991 171 1197 224 LIBER
1232 172 1511 227 PRIMUS.
1947 181 2012 226 35

76 321 123 352 ‘⁶
146 310 388 373 tioribus
423 305 690 368 remediis
729 303 1060 387 agendum:
1111 301 1255 364 nihil
1308 304 1372 364 in
1413 304 1594 388 vulgo
1636 301 1933 367 modicum
1953 325 1970 365 :
1994 308 2011 334 ¹

73 416 120 450 “
146 425 386 481 terrere,
428 404 488 465 ni
508 416 787 485 paveant:
832 401 933 463 ubi
959 400 1382 483 pertimuerint,
1422 401 1660 482 impune
1681 401 2008 464 contemni:

71 513 119 543 “
144 506 292 567 dum
344 499 669 583 superstitio
738 503 996 582 urgeat‚²
1061 498 1409 580 adjiciendos
1462 518 1540 558 ex
1594 499 1745 559 duce
1800 514 2012 572 metuS,

71 608 118 639 “
144 598 383 661 sublatis
438 595 729 660 seditionis
769 596 1168 658 auctoribus.”
1251 596 1560 657 Promtum
1603 595 1679 657 ad
1726 595 2014 675 asperiora

69 697 371 781 ingenium
413 696 615 757 Druso
658 707 818 754 erat:
861 708 1097 755 vocatos
1134 692 1493 754 Vibulenum
1526 706 1584 753 et
1624 691 2012 753 Percennium

68 794 314 855 interfici
328 795 512 877 jubet.
595 791 865 851 Tradunt
891 789 1176 872 plerique,
1216 789 1369 850 intra
1383 788 1823 850 tabernaculum
1849 788 2013 849 ducis

69 893 316 954 obrutos
332 911 352 952 :
410 888 529 964 alii,
564 906 813 969 corpora
831 903 999 948 extra
1022 886 1242 948 vallum
1262 888 1483 970 abjecta
1507 885 1774 954 ostentui.

153 1094 253 1147 30.
295 1082 481 1158 Tun,
538 1097 607 1143 ut
658 1081 905 1164 quisque
959 1079 1287 1163 praecipuus
1327 1081 1613 1155 turbator,
1669 1077 2009 1162 conquisiti:

69 1197 129 1243 et
171 1201 306 1263 pars
340 1196 510 1242 extra
552 1194 738 1241 castra
785 1181 1064 1260 palantes,
1123 1178 1162 1238 a
1204 1178 1658 1253 centurionibus,
1716 1191 1815 1238 aut
1863 1197 2012 1257 prae-

66 1278 348 1340 toriarum
380 1277 710 1339 cohortium
738 1275 1013 1337 militibus
1040 1275 1211 1337 caesi:
1257 1276 1541 1357 quosdam
1577 1275 1683 1355 ipsi
1710 1272 2010 1355 manipuli,

67 1377 489 1437 documentum
542 1374 701 1448 fidei,
714 1377 731 1410 ⁸
788 1372 1095 1434 tradidere.
1209 1376 1477 1434 Auxerat
1537 1372 1786 1432 militum
1843 1360 2011 1432 curas

65 1488 416 1556 praematura
441 1473 650 1547 hiems,
709 1472 992 1532 imbribus
1044 1470 1352 1546 continuis,
1394 1470 1662 1552 adeoque
1714 1469 1902 1543 saevis,
1944 1481 2010 1529 ut

65 1591 189 1632 non
231 1572 430 1654 egredi
457 1570 728 1645 tentoria,
770 1569 1114 1652 congregari
1154 1569 1306 1630 inter
1346 1590 1431 1642 se,
1472 1568 1573 1628 vix
1596 1567 1773 1634 tutari
1814 1567 2011 1648 signa*

65 1683 321 1751 possent,
362 1689 497 1750 quae
539 1669 773 1729 turbine
813 1682 986 1750 atque
1014 1665 1172 1729 unda
1213 1669 1619 1747 raptabantur:
1665 1665 1908 1726 durabat
1953 1676 2010 1724 et

63 1764 323 1827 formido
357 1765 608 1827 coelaetis
649 1765 776 1840 irae,
824 1771 1017 1826 '“1n'ec
1059 1762 1274 1824 frustra
1319 1764 1601 1824 adversus
1647 1762 1855 1844 impios
1909 1760 2009 1821 he-

67 1869 112 1900 “
138 1865 375 1925 bescere
420 1863 628 1938 sidera,
674 1883 848 1924 ruere
884 1875 1283 1944 tempestates:
1348 1876 1470 1922 non
1513 1859 1670 1920 aliud
1718 1860 2010 1919 malorum

65 1966 112 1999 ‘⁶
139 1959 552 2036 levamentum,
570 2002 575 2005 -
594 1959 776 2042 quam
829 1955 893 2022 si'
933 1953 1260 2042 linquerent
1307 1972 1491 2019 castra
1532 1955 1779 2017 infausta
1829 1970 2009 2016 teme-

67 2065 113 2095 “
140 2072 399 2141 rataque,
441 2071 500 2119 et
540 2057 713 2119 soluti
754 2056 1036 2139 piacu10,⁵
1079 2056 1196 2117 suis
1235 2055 1479 2137 quisque
1513 2053 1766 2114 hibernis
1802 2052 2007 2114 redde-

65 2161 113 2193 “
139 2155 416 2216 renmr.'’·
443 2154 717 2218 Primum
732 2169 955 2230 octava,
963 2152 1099 2216 dein
1114 2152 1560 2236 quintadecuma
1578 2150 1753 2233 legin,
1762 2151 2004 2212 rediere.

63 2254 352 2315 Nonanus
419 2257 465 2289 ‘⁶
491 2251 870 2333 opperiendas
933 2250 1153 2324 Tiberii
1206 2248 1514 2331 epistolas''
1581 2249 2003 2310 clamitaverat:

66 2370 209 2412 mox
225 2344 545 2412 desolatus⁶
559 2347 808 2410 aliorum
827 2346 1193 2421 discessione,
1201 2345 1599 2435 imminentem
1615 2345 2008 2420 necessitatem

67 2460 271 2529 sponte
329 2446 646 2528 praevenit:
707 2462 766 2508 et
823 2432 1079 2520 Drusus,
1138 2464 1260 2505 non
1318 2458 1622 2526 expectato
1680 2443 2006 2526 legatorum

61 2553 352 2629 regressu,
378 2543 515 2626 quia
537 2543 842 2628 praesentia
869 2544 1000 2605 satis
1027 2542 1428 2616 consederant,
1455 2541 1516 2603 in
1545 2543 1752 2603 urbem
1772 2541 1959 2604 rediit.

152 2734 252 2787 31.
296 2725 523 2802 lienem
569 2722 755 2787 ferme
799 2725 1026 2800 diebuS,
1064 2723 1270 2786 iisdem
1293 2721 1481 2785 causis
1508 2722 1879 2785 Germanicae
1927 2722 2005 2786 le⁴

138 2890 155 2914 ⁸
183 2891 245 2941 In
269 2893 414 2958 vulgo
446 2893 688 2942 modicum.
760 2893 984 2943 Modera·
1080 2890 1255 2940 defixa.
1328 2891 1466 2941 Lu‘s.
1539 2889 1739 2956 Quippe
1759 2893 1891 2957 signa
1915 2908 2002 2941 nu·

74 2966 195 3010 tum.
268 2959 481 3009 Nonae
517 2961 636 3009 enim
672 2962 910 3010 consilium
935 2963 984 3010 in
1081 2961 1210 3008 mina
1231 2960 1469 3023 legionum
1493 2972 1643 3008 erant.

69 3028 228 3092 vulgo,
267 3039 355 3076 non
395 3028 539 3086 ratio,
586 3045 674 3077 non
719 3029 983 3088 discrimen,
1150 3024 1167 3053 ⁵
1217 3025 1375 3076 Saluti
1414 3027 1620 3091 piaculo.
1715 3026 1871 3078 Soluti
1928 3027 2001 3075 his

68 3111 160 3208 regn
183 3095 449 3161 diligentia.
517 3096 625 3145 Cic.
654 3113 740 3162 pro
768 3098 983 3157 PlanciO,
1081 3095 1381 3209 crifgimbus'
1423 3109 1531 3157 quae
1561 3104 1695 3143 crant
1724 3095 1867 3159 digna
1901 3096 2002 3160 pia-

77 3177 95 3211 1
137 3226 160 3249 ²
198 3227 484 3294 Superstitio
524 3237 711 3297 urgeat.
780 3229 985 3296 vigente
1082 3178 1169 3254 cu⁶
1205 3199 1491 3279 ‘De-solatus.
1592 3229 1646 3278 Id
1705 3238 1790 3288 est,
1859 3231 1999 3278 selus.

70 3313 128 3345 ac
168 3307 365 3362 urgente
414 3300 762 3362 superstitione,
813 3300 985 3348 debore
1083 3297 1206 3346 Mox
1263 3297 1467 3345 aliorum
1533 3297 1814 3346 discessione
1869 3299 2000 3345 solus

72 3365 248 3414 duct-m
280 3373 432 3414 tuctus
468 3365 693 3430 adjicere,
726 3374 773 3416 ct
795 3365 986 3416 seditio·
1083 3364 1296 3421 relictus,
1327 3363 1648 3427 impunc-'ntem
1674 3365 1998 3414 necessitatem

71 3433 143 3480 nis
165 3442 387 3481 auctores
407 3432 588 3482 tollere.
1079 3443 1246 3497 sponte
1270 3442 1317 3480 et
1339 3433 1570 3497 obsequio
1585 3434 1825 3499 praevenit.
1866 3433 1997 3498 Virg,

139 3496 157 3524 ¹
179 3499 517 3549 Documentum
538 3500 681 3567 fide-i.
751 3499 820 3550 Ut
843 3500 984 3550 tidem
1080 3516 1162 3549 xi.
1192 3506 1306 3555 870.

70 3582 207 3614 suam
231 3570 502 3631 probarent.

135 3631 160 3660 ⁴
189 3634 235 3681 V
232 3636 279 3681 is
300 3637 454 3683 tutari
475 3637 626 3700 signa.
667 3635 723 3684 ld
745 3646 832 3693 est,
854 3644 988 3685 recta

72 3699 245 3749 babere
268 3714 308 3750 ct
331 3719 515 3751 servm-‹-
538 3705 581 3751 in
607 3704 869 3769 principiis,
901 3706 981 3753 ubi

1135 3621 1394 3674 Diva-tique
1406 3622 1538 3676 ducet,
1554 3622 1800 3674 desolatique
1815 3620 1983 3672 manipli

1138 3675 1245 3717 'Puta
1267 3679 1426 3729 pelunt-
