2268 3964
431 200 532 248 AD
569 199 699 249 LIB.
735 201 832 249 111.
864 199 1035 249 ANN.
1069 202 1130 251 C.
1165 201 1373 250 CORN.
1403 201 1657 253 TACITI.
1798 271 1812 284 δ
1893 204 1993 252 453

72 347 268 401 aspera,
291 327 478 393 audax,
502 327 766 395 bellicosa,
791 347 1003 382 numero
1029 339 1082 382 et
1105 329 1313 383 fortuna
1340 330 1597 398 crevisset,
1619 349 1807 385 novam
1831 328 1998 385 laudis

70 420 338 477 materiem
374 420 752 494 amplioresque
788 441 916 494 opes
957 423 1206 495 quaesivit.
1283 422 1479 490 Petita,
1520 422 1808 478 Cambaule
1848 424 1999 492 duce,

68 514 314 582 Thracis,
356 514 655 569 Romania:
703 516 870 589 eaque
915 517 1130 582 vastat-31,
1169 515 1314 571 Galli
1351 516 1529 589 spoliis
1569 517 1739 571 onusti
1789 516 2000 572 Panno·

0 598 23 648 ¹·
71 608 208 662 niam
232 608 523 682 vicinasque
546 611 690 663 sedes
714 609 979 681 repetiere.
1056 609 1352 677 Pausanias,
1383 609 1435 677 in
1462 609 1721 678 Phocicis,
1761 610 1908 664 Libr.
1936 628 1999 664 x.

71 720 126 771 p.
153 709 281 758 843.

147 797 208 851 N
209 819 269 852 ec
287 797 524 851 diuturna
541 796 637 851 fuit
655 796 828 869 quies;
868 796 1157 868 iterumque
1179 798 1564 852 recrudescente
1586 796 1712 852 belli
1736 808 1788 851 et
1810 798 2000 869 praedae

72 892 336 967 cupidine,
362 891 508 945 Galli
545 903 646 945 tres
681 890 733 943 in
767 902 935 961 partes
966 889 1250 944 exercitum
1283 890 1529 957 dividunt,
1561 891 1631 945 A.
1665 889 1736 945 U.
1771 889 1840 947 C.
1872 898 2002 952 473.

73 989 146 1043 A.
194 986 262 1041 C.
311 991 437 1040 280.
540 984 687 1051 Pars,
737 983 929 1054 Bolgio
977 985 1126 1049 duce,
1186 983 1552 1039 Macedoniam
1597 1002 1835 1057 aggressa
1881 995 2005 1054 est3

72 1098 308 1153 annoque
353 1076 598 1151 sequenti,
645 1076 783 1130 victo
833 1077 941 1131 acie
986 1088 1040 1131 et
1084 1077 1353 1131 interfecto
1404 1078 1695 1132 Ptolemaeo
1743 1078 2004 1147 Cerauno,

74 1173 435 1229 Macedonum
474 1190 610 1242 rege,
646 1172 875 1224 nondum
914 1170 1023 1225 ausi
1066 1169 1327 1225 Graeciam
1363 1171 1578 1242 ingredi,
1618 1192 1733 1225 suas
1769 1172 1823 1225 in
1858 1173 2005 1234 sedes

23 1326 35 1334 ..
71 1266 283 1322 rediere.
380 1265 512 1319 Pars
548 1264 723 1330 altera,
774 1264 984 1318 Brenno
1025 1262 1103 1333 (Is
1147 1264 1360 1319 Brenno
1401 1265 1761 1320 Romanorum
1806 1265 2005 1319 victore

64 1360 290 1435 junior.)
314 1370 367 1413 et
398 1358 683 1413 Acichorio
707 1357 941 1425 ducibus,
979 1358 1224 1413 universae
1262 1359 1481 1414 Graeciae
1507 1360 1668 1414 minas
1690 1359 2005 1416 intentabat:

23 1490 27 1500 ·
75 1455 279 1527 direpta
305 1452 528 1518 AEtolia,
563 1451 778 1519 Ulakia,
803 1454 860 1507 in
888 1451 1102 1518 Greece,
1131 1452 1386 1525 Delphos,
1411 1452 1588 1508 locum
1613 1453 1875 1508 immensis
1896 1456 2010 1509 the·

22 1612 27 1624 ι
75 1547 238 1603 santis
277 1549 356 1600 ob
398 1546 661 1618 Apollinis
709 1545 1006 1618 religionem
1054 1546 1407 1614 clarissimum,
1455 1550 1682 1619 petebat.
1781 1549 2008 1617 Graecia,

24 1627 26 1634 Ι
77 1640 357 1712 religionis,
400 1640 596 1712 gloriae,
637 1660 800 1711 opum
831 1640 1121 1694 discrimine
1144 1651 1424 1708 commota,
1469 1642 1678 1696 Brenno
1703 1642 1907 1697 obviam
1931 1642 2008 1697 iit.

26 1747 42 1768 ‘
77 1735 168 1791 Ad
187 1734 568 1807 Thermopylas
595 1734 1008 1806 Parnassumque
1032 1746 1261 1788 montem
1289 1734 1532 1807 Delphis,
1564 1734 1760 1804 Castri,
1779 1721 2009 1791 'vicinum

28 1813 50 1914 {⁴
76 1827 241 1883 victus
282 1839 399 1883 est:
456 1838 593 1882 tanta
637 1839 846 1900 tamque
885 1839 1032 1882 atrox
1073 1839 1458 1900 tempestatum,
1510 1828 1802 1897 fulminum,
1851 1831 2010 1903 frigo-

33 1938 47 1986 ς
79 1941 299 1996 rumque
320 1923 395 1976 vis
420 1933 565 1977 terrae
592 1932 739 1976 motu
761 1931 940 1975 exorta
963 1932 1058 1989 est,
1095 1934 1153 1976 ut
1184 1922 1362 1994 ingens
1399 1924 1510 1996 ejus
1534 1925 1789 1979 exercitus
1813 1925 2009 1980 deletus

30 2025 50 2113 ᾗ
81 2016 400 2084 occubuerit,
455 2016 642 2088 vixque
687 2027 940 2087 superstes
988 2016 1158 2083 fuerit,
1211 2016 1300 2089 qui
1347 2016 1504 2071 cladis
1551 2018 1790 2072 nuntium
1837 2021 2012 2074 ferret.

81 2110 340 2177 Brennus,
378 2112 599 2164 confect
586 2130 646 2163 us
668 2109 980 2176 vulneribuS,
998 2109 1187 2182 largius
1211 2110 1396 2165 hausto
1419 2110 1557 2177 vin0‚
1578 2112 1675 2167 sibi
1698 2112 1812 2168 vitae
1835 2113 2011 2182 finem,

80 2217 135 2259 et
165 2204 324 2259 cladis
358 2204 598 2259 solatium
626 2203 765 2270 fecit,
801 2204 874 2259 A.
908 2203 979 2258 U.
1019 2204 1084 2258 C.
1117 2205 1242 2265 476.
1279 2204 1350 2259 A.
1385 2204 1450 2259 C.
1489 2212 1613 2265 277.
1690 2206 1820 2261 Pars
1844 2207 2010 2276 tertia,

83 2297 294 2355 Brenno
317 2317 552 2365 concors,
575 2309 628 2352 et
651 2318 772 2352 cum
797 2318 862 2352 eo
889 2298 939 2352 in
975 2299 1266 2365 Dardan08‚
1310 2298 1518 2366 Servio,
1557 2321 1718 2374 usque
1759 2304 2011 2378 profecta,

79 2392 154 2447 ibi
193 2392 497 2447 militaribus
531 2393 748 2447 dissidiis
785 2393 1088 2467 meliorique
1128 2395 1234 2447 fato
1271 2396 1337 2448 ab
1376 2413 1441 2448 eo
1481 2393 1701 2461 divulsa,
1729 2395 2012 2451 Thraciam

80 2486 304 2559 repetiit,
351 2487 572 2541 ducibus
622 2486 880 2541 Leonorio
928 2499 979 2541 et
1032 2480 1288 2543 Lutario:
1355 2488 1664 2557 Byzantium
1720 2490 2012 2562 occupavit,

58 2599 227 2637 *oram
277 2581 632 2653 Propontidis,
679 2581 976 2652 vectigalem
1024 2581 1221 2648 habuit,
1282 2583 1497 2656 ejusque
1555 2585 1707 2637 urbes
1769 2583 2012 2640 obtinuit.

78 2675 226 2731 Tum
270 2675 443 2731 audita
491 2676 633 2730 Asiae
679 2678 930 2743 ubertate,
982 2675 1173 2748 cupido
1216 2676 1399 2731 invasit
1449 2677 1499 2731 in
1547 2696 1661 2731 eam
1702 2678 2014 2735 transeundi.

84 2767 430 2841 Lysimachia,
473 2768 761 2837 Hemmdi,
806 2770 982 2825 fraude
1022 2782 1207 2843 capta3
1247 2769 1676 2844 Chersonesoque
1714 2771 1855 2827 omni
1893 2792 2016 2845 pos-

50 2849 245 2931 lnessfl,
279 2866 345 2918 ad
368 2863 772 2936 Hellespontum
796 2877 999 2919 ventum
1027 2876 1119 2919 est.
1195 2864 1278 2921 Ibi
1304 2865 2014 2935 Lutarius,*·Macedonibus,

50 2974 218 3032 §.quos
260 2977 354 3031 per
393 2957 617 3031 speciem
659 2958 925 3030 legationis
970 2959 1259 3032 Antipater,
1309 2962 1582 3032 praefectus
1620 2960 1731 3033 ejus
1781 2979 1903 3027 orae,
1950 2962 2016 3015 ad

46 3035 457 3158 {speculandum
498 3053 719 3119 miserat,
769 3054 893 3107 duas
938 3063 1099 3108 tectas
1140 3074 1292 3108 naves
1338 3064 1390 3108 et
1431 3064 1532 3109 tres
1571 3052 1761 3108 limbos
1808 3053 2016 3111 adimit:

50 3145 166 3208 lehis
187 3145 315 3201 alios
338 3157 492 3251 atque
515 3145 643 3201 alios
666 3146 773 3200 dies
799 3159 1078 3220 noctesque
1103 3148 1487 3214 transvehendo,
1530 3145 1662 3202 intra
1692 3166 1888 3220 paucos
1911 3147 2018 3203 dies

50 3220 269 3382 {ornnes
291 3238 471 3312 copias
493 3240 701 3314 trajicit,
731 3240 799 3295 A.
822 3239 894 3296 U.
922 3240 987 3295 C.
1010 3249 1136 3302 477.
1160 3241 1230 3297 A.
1258 3240 1324 3296 C.
1349 3243 1472 3302 276.
1546 3240 1670 3297 Jam
1713 3241 2018 3309 Leonorius,

51 3343 368 3436 &exoratus
348 3331 383 3387 a
409 3332 701 3388 Nicomede
730 3334 982 3406 Bithyniae
1007 3354 1127 3406 rege
1151 3347 1207 3390 ut
1230 3334 1326 3407 ipsi
1353 3353 1508 3408 opem
1534 3336 1705 3401 ferret,
1747 3334 1779 3389 a
1819 3336 2021 3407 Byzan·

51 3423 165 3579 {tio
188 3425 549 3482 miserat.
612 3428 819 3483 Coeunt
847 3427 1090 3483 Lutarius
1114 3439 1166 3483 et
1195 3428 1497 3498 Leonorius,
1523 3428 1713 3484 auxilia
1739 3427 2021 3485 Nicomedi

86 3516 216 3574 dant
254 3520 494 3575 adversus
535 3522 805 3592 Zyboeam,
855 3522 943 3596 qui
987 3535 1185 3595 partem
1234 3522 1487 3594 Bithyniae
1531 3526 1777 3578 tenebat:
1840 3540 2020 3576 eorum

0 3648 1 3654 =
55 3565 316 3669 imbue
340 3616 502 3688 opera
525 3617 753 3671 devictus
779 3616 975 3687 Zyboea
998 3628 1093 3686 est,
1123 3616 1461 3693 Bithyniaque
1485 3617 1670 3688 omnis,
1703 3616 1790 3673 the
1813 3624 2022 3671 western
