2268 3964
449 166 550 216 AD
587 158 716 216 Lm.
753 164 848 215 ΠΙ.
883 162 1056 215 ANN.
1090 163 1150 214 c.
1185 164 1396 214 CORN.
1429 162 1679 215 TAclTI.
1752 164 1756 166 ·
1927 166 2029 214 455

100 296 281 351 animis
309 295 580 368 quoesitum
613 315 672 349 ac
710 297 979 351 fundatum
1002 293 1036 348 a
1062 294 1355 349 Godefrido
1378 296 1442 348 de
1472 294 1741 360 Bouillon,
1780 293 2027 349 Heroum

98 391 344 456 maximo,
362 389 896 460 Hierosolymitanum
921 409 1153 459 regnum.
1191 387 1321 442 Inde
1344 389 1495 442 toties
1517 387 1550 440 a
1576 388 1796 442 Gallicis
1821 372 2027 459 regibus

97 483 464 555 nobilitateque
489 482 700 537 Gallica
726 493 916 536 tentata
943 484 1219 553 AEgyptus,
1243 473 1559 552 occupat‘um
1586 480 2027 552 Constantinopo-
2104 547 2113 560 .

94 577 310 631 litanum
344 576 637 649 imperium,
675 575 805 630 Asia
835 576 1054 630 Gallicis
1091 575 1522 629 dominationibus
1554 594 1802 645 respersa.
1894 573 2025 627 Inde

94 680 176 724 tot
214 669 351 724 bella
387 689 483 740 per
525 667 728 723 Italiam
767 679 928 739 gesta.
1003 667 1132 722 Inde
1171 670 1292 722 cum
1329 667 1588 722 acerrimis
1627 666 1935 721 Ferdinandi
1971 678 2024 720 et

95 762 275 817 Caroli
301 763 368 816 V.
394 762 603 836 judiciis
627 764 825 816 adserta
849 774 926 816 est
950 761 1162 833 publica
1187 761 1540 834 tranquillitas,
1558 770 1610 814 et
1635 759 1862 832 politicis
1888 779 2022 831 pon-

90 855 298 910 deribus
321 855 504 909 librata
529 856 760 927 Europa,
799 875 894 909 nec
921 857 1035 928 jam
1070 855 1203 910 ullus
1227 855 1480 926 superfuit
1502 854 1698 908 bellicis
1722 853 2023 923 incursioni-

91 951 189 1004 bus
223 949 389 1016 locus,
430 948 576 1004 Galli
605 948 880 1021 irrequieta
912 949 1008 1001 sua
1040 948 1307 1002 nobilitate
1346 960 1565 1018 aguntur
1597 967 1807 1020 semper·
1830 957 1883 1001 et
1922 947 2023 1001 cir-

88 1054 463 1114 cumaguntur-3
499 1053 671 1115 atque,
708 1042 831 1095 licet
862 1040 1083 1113 patriam
1117 1061 1260 1095 suam
1297 1041 1579 1112 plurimum
1605 1041 1810 1108 faciant,
1852 1050 2022 1095 exter-

87 1155 206 1190 nam
231 1155 492 1209 quamque
516 1134 820 1207 plerumque
850 1146 1105 1206 spernant,
1148 1134 1332 1188 militia
1358 1147 1547 1199 tamen,
1591 1134 1800 1200 artibus,
1842 1133 2021 1203 literis,

89 1230 434 1298 commerciis,
481 1230 770 1284 ministeriis
817 1229 1034 1302 denique
1082 1228 1321 1282 omnibus
1363 1238 1573 1282 utuntur
1612 1238 1666 1280 et
1713 1229 2022 1300 quandoque

87 1327 387 1391 abutuntur,
406 1334 464 1378 ut
486 1335 653 1379 totum
678 1335 1015 1395 pervagentur
1039 1325 1239 1389 orbem,
1259 1322 1329 1376 ita
1353 1332 1430 1388 ut,
1455 1321 1680 1375 maxime
1704 1321 1757 1375 in
1782 1321 2019 1392 Europa,

85 1437 191 1472 non
225 1421 365 1485 urbs,
398 1437 503 1471 non
537 1417 808 1489 oppidum,
850 1436 986 1487 saepe
1020 1436 1084 1469 ne
1126 1435 1255 1469 unus
1294 1415 1502 1488 quidem
1532 1415 1598 1469 sit
1634 1415 1794 1483 vicuS,
1828 1415 1882 1471 in
1915 1433 2019 1488 quo

86 1511 274 1566 Gallus
314 1511 496 1584 aliquis
543 1530 647 1564 non
686 1522 939 1564 occurrat.
1038 1508 1184 1574 Inde,
1226 1509 1268 1563 si
1309 1508 1483 1562 bellici
1522 1509 1779 1576 facinoriS,
1816 1507 2018 1564 bellicae

82 1605 261 1676 gloriae
308 1625 426 1677 spes
472 1604 675 1676 uspiam
722 1604 997 1674 adfulgeat,
1057 1603 1229 1657 statim
1280 1603 1605 1674 praetervolat
1655 1602 1862 1670 GalluS,
1921 1621 2018 1657 nec

84 1700 322 1756 locorum
369 1698 662 1765 intervallis,
722 1716 817 1751 nec
845 1754 857 1764 ,
874 1697 1224 1769 periculorum
1285 1696 1668 1750 difficultatibus
1730 1696 2015 1763 deterritus„

83 1806 143 1849 ut
183 1793 415 1860 vidimus,
458 1793 579 1846 cum
622 1791 951 1862 exiguissima
988 1790 1266 1844 Gallorum
1307 1810 1504 1857 manuS,
1542 1791 1676 1843 duce
1722 1790 1833 1844 viro
1871 1790 2018 1845 avitis

88 1887 254 1954 Boiis,
297 1886 485 1958 people
521 1885 592 1960 qs
632 1884 903 1951 Boni-bon,
938 1884 1027 1957 qui
1065 1894 1234 1938 totum
1276 1883 1438 1937 ferme
1484 1886 1666 1936 orbem
1694 1883 2017 1949 ‚militaribus

83 1981 187 2037 suis
209 1978 622 2053 expeditionibus
644 1978 1035 2050 perlustratum,
1074 1977 1246 2032 animo
1270 1988 1322 2031 et
1346 1977 1530 2032 virtute
1561 1975 1846 2042 simillimO,
1887 1975 2016 2032 Cra·

81 2076 281 2132 coriam
322 2073 649 2146 expugnavit,
691 2083 760 2139 et,
794 2073 938 2144 quod
975 2071 1138 2124 ferme
1179 2070 1496 2136 incredibile,
1543 2069 1739 2124 tamdiu
1782 2071 2013 2127 servavit.

36 2202 47 2252 ζ
86 2169 237 2226 Adeo
263 2168 315 2223 in
339 2167 552 2224 Gallico
575 2166 820 2239 sanguiue
843 2177 1082 2221 constans
1106 2177 1158 2220 et
1182 2164 1261 2220 sui
1283 2164 1461 2220 similis
1486 2163 1698 2221 natura!

35 2423 46 2427 ⁷.
153 2356 306 2413 CAP-
343 2359 433 2414 46.
481 2355 560 2412 Et
577 2355 918 2431 fugientibus
937 2356 1201 2411 consulite.
1240 2355 1305 2410 In
1326 2354 1580 2409 veteribus
1599 2353 1839 2408 omnibus
1862 2352 2012 2408 editi-

79 2451 280 2518 onibus,
318 2451 569 2517 consilite,
606 2452 748 2524 quod
788 2450 1082 2523 explicabat
1114 2450 1511 2515 Freinshemius,
1554 2447 1825 2522 fugientes
1862 2468 2013 2504 cursu

53 2545 367 2619 sequimini.
407 2544 625 2616 Optime
652 2544 918 2613 Heinsius,
944 2545 1210 2610 consulite,
1236 2544 1288 2597 id
1309 2555 1404 2610 est,
1421 2542 1648 2614 parcite.
1700 2541 1890 2598 Annal.
1920 2561 2032 2616 x1.x

37 2626 47 2722 L
78 2640 170 2695 36.
186 2650 240 2694 et
261 2656 391 2693 xlv.
405 2645 495 2693 38.
531 2638 666 2692 Vide
685 2658 892 2717 quoque
909 2638 1071 2692 Misc.
1089 2638 1225 2693 Obs.
1247 2657 1335 2691 lx.
1355 2645 1481 2698 392.
1520 2635 1746 2707 Frigida,
1765 2656 1859 2690 nec
1877 2637 2012 2692 Cor-

36 2788 50 2813 3
74 2732 275 2787 aeliane
308 2731 624 2798 Gronovius,
652 2731 741 2803 qui
770 2732 841 2785 ait
875 2731 947 2785 ita
968 2731 1358 2797 consulendum,
1390 2741 1447 2784 ut
1482 2728 1653 2784 Gallis
1682 2730 2010 2785 detrahantur

39 2822 235 2893 inrma,
261 2825 437 2898 sicque
474 2824 691 2880 leviores
732 2825 833 2880 sint
872 2845 933 2880 ac
974 2827 1108 2897 ἦιξα».
1150 2814 1446 2897 ρωᾰῐίοτεε.
1535 2822 1730 2876 Illustr.
1781 2822 2011 2878 Huetius

75 2920 400 2986 emendabat,
424 2928 474 2974 et
490 2918 766 2993 fugientes
791 2919 1058 2974 concidite.
1117 2917 1342 2973 Minime
1368 2916 1725 2990 probabiliter.
1793 2916 2011 2977 Virtutis

39 3077 42 3088 3
73 3013 213 3072 enim
232 3012 481 3068 Romanae
497 3025 605 3067 erat
624 3012 854 3068 vincere:
894 3012 1177 3067 clementiae
1203 3010 1475 3084 oppidanis
1499 3008 1786 3076 inconditiS‚
1813 3008 2007 3064 militiae

74 3105 275 3173 nesciis,
298 3116 351 3160 et
375 3105 684 3176 fugientibus
707 3106 972 3161 consulere
997 3126 1056 3160 ac
1082 3124 1308 3178 parcere.
1370 3103 1514 3157 Infra
1529 3123 1653 3175 gap.
1678 3111 1767 3158 52.
1842 3099 2008 3157 Bero-

39 3250 44 3256 ,
75 3197 221 3254 aldus
243 3217 450 3272 quoque
473 3198 646 3265 edidit,
670 3199 1011 3265 dissimiletis,
1039 3219 1134 3270 pro
1159 3197 1509 3253 dissimulatis.
1945 3181 1947 3184 Ι

40 3320 43 3367 j
77 3357 85 3366 .
146 3290 367 3347 Incensa
402 3311 552 3365 super
587 3292 735 3348 villa.
811 3292 941 3347 MS.
972 3292 1113 3347 Flor.
1149 3303 1201 3347 et
1233 3291 1478 3346 editiones
1512 3300 1727 3356 veteres,
1759 3289 2006 3366 ingressa.

40 3371 46 3460 ’ἦ
79 3385 302 3458 Optime
327 3386 606 3444 Rhenanus
629 3398 682 3444 et
704 3387 1027 3455 recentiores,
1069 3387 1294 3443 incensa.
1368 3383 1522 3441 Male
1546 3383 1663 3442 Jac.
1692 3383 2007 3451 GronoviuS,

38 3472 293 3556 lingum.

40 3561 51 3585 δ
