2268 3964
261 169 378 224 xxvi
992 164 1426 222 PRAEFATIO.

254 364 395 410 non
429 335 639 404 modo
671 355 990 424 expressa
1023 355 1230 400 avara
1262 343 1334 400 et
1366 358 1619 426 anceps
1657 338 1906 408 Galbae
1942 365 2173 412 senec-

248 473 383 540 ωε,
458 479 765 548 praeceps
821 453 1115 522 Othonis
1180 456 1493 535 ambitio,
1566 460 1787 548 segnis
1853 473 1922 529 et
1985 463 2173 533 foeda

250 579 513 649 Vitellii
548 575 906 667 ingluvies,
957 574 1075 642 sed
1118 582 1187 640 et
1247 574 1581 644 bellorum
1631 578 1934 648 civilium
1968 592 2171 663 arteS‚

248 700 686 787 fraudesque,
734 707 806 763 et
838 696 1114 772 scelera,
1164 695 1422 786 majore
1455 704 1600 765 arte
1657 698 2024 782 incertum,
2080 726 2172 771 an

247 820 642 915 prudentia,
692 817 782 883 ad
835 816 1050 882 totius
1106 816 1236 882 aevi
1270 816 1792 900 documentum,
1841 810 2178 913 detegunss

244 951 376 1009 tur.
474 938 772 1005 Utinam
804 935 1003 1002 nobis
1032 957 1174 1003 non
1205 935 1566 1003 invidisset
1597 946 1869 1029 tempus
1899 951 2170 1030 partem
2257 1019 2266 1024 ,

244 1062 553 1138 alteram,
603 1079 760 1148 quae
795 1055 1156 1146 providam
1193 1054 1607 1146 Vespasiani
1644 1069 1977 1141 mentem,
2020 1061 2168 1130 bre-

242 1205 382 1262 ves,
417 1177 642 1268 eoque
676 1177 991 1254 carioreS,
1025 1175 1166 1242 Titi
1191 1175 1478 1244 virtutes
1513 1178 1951 1268 explicabat!
1991 1180 2169 1250 Haec

242 1303 527 1394 quidem
586 1297 841 1366 Flaviae
893 1295 1137 1362 domus
1197 1294 1449 1362 decora
1513 1299 1897 1389 excepisset
1965 1310 2162 1370 atrox

237 1415 637 1493 Domitiani
676 1415 1013 1506 nequitia
1110 1412 1232 1495 At,
1279 1417 1388 1482 vel
1431 1417 1610 1483 inter
1665 1420 1917 1486 acerba
1971 1419 2167 1490 Prin-

239 1542 410 1634 cipis
444 1539 727 1631 flagitia,
776 1560 958 1626 quae,
1006 1533 1049 1601 a
1082 1535 1482 1626 gravissimo
1529 1537 1861 1629 scriptore
1907 1564 2166 1611 memo-

237 1675 413 1743 rata,
458 1661 747 1728 fuissent
794 1679 1202 1746 magnarum
1252 1656 1757 1748 cogitationum
1811 1661 2162 1743 foecunda,

225 1785 538 1877 juv-asset
569 1779 822 1860 adhuc,
869 1777 1054 1869 quod
1086 1779 1486 1851 summatim
1520 1780 1723 1847 initio
1756 1782 1979 1872 operis
2012 1783 2162 1874 ipse

229 1905 515 1973 Tacitus
549 1900 900 1993 prodidit:
935 1899 1170 1990 ampla
1191 1899 1520 1968 virtutum
1545 1901 1889 1993 exempla,
1927 1915 2162 1994 su'pre-
2223 1904 2227 1908 ’

227 2047 376 2093 mas
411 2024 750 2093 clarorum
782 2020 1242 2102 necessitateS,
1277 2021 1648 2112 ipsamque
1674 2023 2154 2093 necessitatem

225 2146 494 2214 fortiter
547 2144 908 2211 toleratam
971 2164 1405 2233 cognoscere.
1486 2141 1902 2233 Numquam
1967 2145 2152 2213 enim

226 2265 597 2334 illustriora
660 2273 823 2334 sunt
886 2262 1153 2331 virtutis
1220 2264 1624 2344 certamina,
1706 2262 1923 2353 quam
1991 2265 2155 2334 cum

232 2386 480 2478 durius
509 2369 886 2476 premitur3
948 2393 1039 2464 et,
1087 2393 1169 2452 ut
1220 2385 1399 2455 inter
1453 2393 1944 2476 tempestatum
2004 2386 2157 2453 hor-

229 2505 380 2575 rida
406 2506 702 2574 'acriores
759 2504 1066 2573 emicant
1121 2505 1336 2596 igne5‚
1393 2506 1490 2574 sic
1551 2505 1730 2572 inter
1763 2513 2155 2596 temporum

226 2628 372 2699 fera
404 2625 694 2695 vividior
725 2626 1099 2722 puriorque
1131 2627 1438 2718 exsurgit
1471 2626 1710 2694 virtus·

322 2866 494 2938 Post
542 2867 725 2936 hanc
777 2867 1245 2939 Historiarum
1303 2893 1563 2950 curam,
1611 2867 1897 2936 Tacitus
1948 2879 2150 2960 supe-

225 2988 476 3057 riorem
530 2988 798 3079 imperii
864 2991 1267 3058 memoriam
1326 2989 1740 3060 narrandam
1799 2990 2148 3079 suscepit3

225 3129 523 3198 eamque
570 3108 612 3176 a
642 3108 902 3178 Tiberii
950 3112 1348 3203 principatu
1401 3109 1492 3178 ad
1550 3108 1850 3176 Neronis
1883 3110 2147 3176 exitum

225 3229 298 3300 in
349 3227 738 3305 Annalibus
780 3231 1159 3333 conclusit3
1209 3230 1525 3322 pressior,
1579 3230 1823 3312 acrior,
1876 3239 2148 3324 senten-

867 3522 887 3550 ⁸
923 3516 1093 3576 Tacit.
1120 3515 1264 3574 Hist.
1293 3536 1332 3571 1.
1370 3524 1423 3572 3.
