<?xml version="1.0" encoding="UTF-8"?>
<!DOCTYPE html PUBLIC "-//W3C//DTD XHTML 1.0 Transitional//EN"
    "http://www.w3.org/TR/xhtml1/DTD/xhtml1-transitional.dtd">
<html xmlns="http://www.w3.org/1999/xhtml" xml:lang="en" lang="en">
 <head>
  <title>
</title>
<meta http-equiv="Content-Type" content="text/html;charset=utf-8" />
  <meta name='ocr-system' content='tesseract 3.04.00' />
  <meta name='ocr-capabilities' content='ocr_page ocr_carea ocr_par ocr_line ocrx_word'/>
</head>
<body>
  <div class='ocr_page' id='page_1' title='image "./operarecognovite01taciuoft_0051.png"; bbox 0 0 2268 3964; ppageno 0'>
   <div class='ocr_carea' id='block_1_1' title="bbox 861 116 2044 181">
    <p class='ocr_par' dir='ltr' id='par_1_1' title="bbox 861 116 2044 181">
     <span class='ocr_line' id='line_1_1' title="bbox 861 116 2044 181; baseline 0.007 -8"><span class='ocrx_word' id='word_1_1' title='bbox 861 120 1039 173; x_wconf 74' lang='lat' dir='ltr'>PRAE</span> <span class='ocrx_word' id='word_1_2' title='bbox 1048 116 1303 173; x_wconf 75' lang='lat' dir='ltr'><strong>FATIO.</strong></span> <span class='ocrx_word' id='word_1_3' title='bbox 1919 125 2044 181; x_wconf 69' lang='lat' dir='ltr'>xlvii</span> 
     </span>
    </p>
   </div>
   <div class='ocr_carea' id='block_1_2' title="bbox 108 285 2040 487">
    <p class='ocr_par' dir='ltr' id='par_1_2' title="bbox 108 285 2040 487">
     <span class='ocr_line' id='line_1_2' title="bbox 113 285 2037 381; baseline 0.001 -20"><span class='ocrx_word' id='word_1_4' title='bbox 113 293 395 381; x_wconf 75' lang='lat' dir='ltr'>Harley.</span> <span class='ocrx_word' id='word_1_5' title='bbox 493 291 660 358; x_wconf 89' lang='lat' dir='ltr'>Plus</span> <span class='ocrx_word' id='word_1_6' title='bbox 745 285 1131 376; x_wconf 68' lang='lat' dir='ltr'><strong>elegantiae,</strong></span> <span class='ocrx_word' id='word_1_7' title='bbox 1213 285 1399 352; x_wconf 82' lang='lat' dir='ltr'>haud</span> <span class='ocrx_word' id='word_1_8' title='bbox 1482 289 1649 356; x_wconf 85' lang='lat' dir='ltr'>satis</span> <span class='ocrx_word' id='word_1_9' title='bbox 1730 294 2037 363; x_wconf 85' lang='lat' dir='ltr'>veritatis</span> 
     </span>
     <span class='ocr_line' id='line_1_3' title="bbox 108 402 2040 487; baseline 0.002 -8"><span class='ocrx_word' id='word_1_10' title='bbox 108 412 365 480; x_wconf 86' lang='lat' dir='ltr'>indidit</span> <span class='ocrx_word' id='word_1_11' title='bbox 450 409 789 487; x_wconf 80' lang='lat' dir='ltr'>Nicolaus</span> <span class='ocrx_word' id='word_1_12' title='bbox 874 403 1117 470; x_wconf 87' lang='lat' dir='ltr'>Per-rot</span> <span class='ocrx_word' id='word_1_13' title='bbox 1195 402 1721 475; x_wconf 82' lang='lat' dir='ltr'>d&#39;Ablancourt.</span> <span class='ocrx_word' id='word_1_14' title='bbox 1841 412 2040 482; x_wconf 85' lang='lat' dir='ltr'>Mole</span> 
     </span>
    </p>
   </div>
   <div class='ocr_carea' id='block_1_3' title="bbox 108 523 2106 2184">
    <p class='ocr_par' dir='ltr' id='par_1_3' title="bbox 108 523 2106 2184">
     <span class='ocr_line' id='line_1_4' title="bbox 108 523 2039 623; baseline 0 -23"><span class='ocrx_word' id='word_1_15' title='bbox 108 533 610 623; x_wconf 78' lang='lat' dir='ltr'>exemplorum,</span> <span class='ocrx_word' id='word_1_16' title='bbox 676 525 887 594; x_wconf 85' lang='lat' dir='ltr'>taedia</span> <span class='ocrx_word' id='word_1_17' title='bbox 920 525 1274 614; x_wconf 83' lang='lat' dir='ltr'>aggeravit</span> <span class='ocrx_word' id='word_1_18' title='bbox 1306 523 1662 594; x_wconf 84' lang='lat' dir='ltr'>Abraham</span> <span class='ocrx_word' id='word_1_19' title='bbox 1702 528 2039 600; x_wconf 78' lang='lat' dir='ltr'>Nicolaus</span> 
     </span>
     <span class='ocr_line' id='line_1_5' title="bbox 111 643 2038 733; baseline 0 -14"><span class='ocrx_word' id='word_1_20' title='bbox 111 651 395 720; x_wconf 86' lang='lat' dir='ltr'>Amelot</span> <span class='ocrx_word' id='word_1_21' title='bbox 426 651 515 718; x_wconf 88' lang='lat' dir='ltr'>de</span> <span class='ocrx_word' id='word_1_22' title='bbox 555 650 623 716; x_wconf 87' lang='lat' dir='ltr'>la</span> <span class='ocrx_word' id='word_1_23' title='bbox 661 644 1043 716; x_wconf 85' lang='lat' dir='ltr'>Houssaie.·</span> <span class='ocrx_word' id='word_1_24' title='bbox 1144 643 1311 733; x_wconf 88' lang='lat' dir='ltr'>Ejus</span> <span class='ocrx_word' id='word_1_25' title='bbox 1370 647 1685 727; x_wconf 82' lang='lat' dir='ltr'>versioni,</span> <span class='ocrx_word' id='word_1_26' title='bbox 1735 653 2038 719; x_wconf 82' lang='lat' dir='ltr'>auctoris</span> 
     </span>
     <span class='ocr_line' id='line_1_6' title="bbox 113 763 2106 858; baseline 0 -19"><span class='ocrx_word' id='word_1_27' title='bbox 113 781 335 839; x_wconf 81' lang='lat' dir='ltr'>morte</span> <span class='ocrx_word' id='word_1_28' title='bbox 413 772 839 858; x_wconf 81' lang='lat' dir='ltr'>interruptae,</span> <span class='ocrx_word' id='word_1_29' title='bbox 919 763 1128 830; x_wconf 87' lang='lat' dir='ltr'>finem</span> <span class='ocrx_word' id='word_1_30' title='bbox 1209 765 1549 854; x_wconf 84' lang='lat' dir='ltr'>imposuit</span> <span class='ocrx_word' id='word_1_31' title='bbox 1632 768 2039 838; x_wconf 84' lang='lat' dir='ltr'>Franciscus</span> <span class='ocrx_word' id='word_1_32' title='bbox 2084 789 2106 807; x_wconf 57' lang='grc'>““</span> 
     </span>
     <span class='ocr_line' id='line_1_7' title="bbox 120 883 2040 979; baseline -0.001 -20"><span class='ocrx_word' id='word_1_33' title='bbox 120 891 371 979; x_wconf 72' lang='lat' dir='ltr'>Brhys‚</span> <span class='ocrx_word' id='word_1_34' title='bbox 428 888 632 967; x_wconf 62' lang='lat' dir='ltr'>vitiis»,</span> <span class='ocrx_word' id='word_1_35' title='bbox 699 883 912 974; x_wconf 68' lang='lat' dir='ltr'>quam</span> <span class='ocrx_word' id='word_1_36' title='bbox 967 883 1337 950; x_wconf 84' lang='lat' dir='ltr'>virtutibus</span> <span class='ocrx_word' id='word_1_37' title='bbox 1392 886 1697 955; x_wconf 85' lang='lat' dir='ltr'>similior.</span> <span class='ocrx_word' id='word_1_38' title='bbox 1797 890 1883 957; x_wconf 89' lang='lat' dir='ltr'>In</span> <span class='ocrx_word' id='word_1_39' title='bbox 1934 887 2040 958; x_wconf 81' lang='lat' dir='ltr'>his</span> 
     </span>
     <span class='ocr_line' id='line_1_8' title="bbox 112 1003 2038 1095; baseline -0.001 -17"><span class='ocrx_word' id='word_1_40' title='bbox 112 1009 559 1081; x_wconf 80' lang='lat' dir='ltr'>tentamentis</span> <span class='ocrx_word' id='word_1_41' title='bbox 659 1003 1095 1095; x_wconf 84' lang='lat' dir='ltr'>aliquamdiu</span> <span class='ocrx_word' id='word_1_42' title='bbox 1192 1004 1642 1074; x_wconf 83' lang='lat' dir='ltr'>substiterant</span> <span class='ocrx_word' id='word_1_43' title='bbox 1743 1009 2038 1079; x_wconf 61' lang='lat' dir='ltr'>Gallicae</span> 
     </span>
     <span class='ocr_line' id='line_1_9' title="bbox 112 1123 2037 1221; baseline 0.002 -25"><span class='ocrx_word' id='word_1_44' title='bbox 112 1131 353 1211; x_wconf 84' lang='lat' dir='ltr'>literae,</span> <span class='ocrx_word' id='word_1_45' title='bbox 399 1129 563 1215; x_wconf 64' lang='lat' dir='ltr'>cnm</span> <span class='ocrx_word' id='word_1_46' title='bbox 596 1149 829 1195; x_wconf 87' lang='lat' dir='ltr'>recens</span> <span class='ocrx_word' id='word_1_47' title='bbox 865 1145 989 1190; x_wconf 89' lang='lat' dir='ltr'>nos</span> <span class='ocrx_word' id='word_1_48' title='bbox 1032 1123 1261 1212; x_wconf 80' lang='lat' dir='ltr'>rapuit</span> <span class='ocrx_word' id='word_1_49' title='bbox 1294 1123 1679 1194; x_wconf 82' lang='lat' dir='ltr'>studiorum</span> <span class='ocrx_word' id='word_1_50' title='bbox 1716 1129 2037 1221; x_wconf 78' lang='lat' dir='ltr'>impetus,</span> 
     </span>
     <span class='ocr_line' id='line_1_10' title="bbox 109 1243 2037 1319; baseline 0.002 -4"><span class='ocrx_word' id='word_1_51' title='bbox 109 1249 294 1318; x_wconf 81' lang='lat' dir='ltr'>Tum</span> <span class='ocrx_word' id='word_1_52' title='bbox 313 1270 508 1317; x_wconf 86' lang='lat' dir='ltr'>suam</span> <span class='ocrx_word' id='word_1_53' title='bbox 533 1248 915 1315; x_wconf 87' lang='lat' dir='ltr'>versionem</span> <span class='ocrx_word' id='word_1_54' title='bbox 949 1243 1318 1312; x_wconf 87' lang='lat' dir='ltr'>adornavit</span> <span class='ocrx_word' id='word_1_55' title='bbox 1344 1243 1448 1311; x_wconf 89' lang='lat' dir='ltr'>Cl.</span> <span class='ocrx_word' id='word_1_56' title='bbox 1475 1246 1779 1315; x_wconf 85' lang='lat' dir='ltr'>Guerin:</span> <span class='ocrx_word' id='word_1_57' title='bbox 1830 1251 2037 1319; x_wconf 87' lang='lat' dir='ltr'>aliam</span> 
     </span>
     <span class='ocr_line' id='line_1_11' title="bbox 110 1365 2047 1460; baseline 0 -22"><span class='ocrx_word' id='word_1_58' title='bbox 110 1369 508 1446; x_wconf 86' lang='lat' dir='ltr'>meditatur,</span> <span class='ocrx_word' id='word_1_59' title='bbox 545 1370 838 1460; x_wconf 86' lang='lat' dir='ltr'>jamque</span> <span class='ocrx_word' id='word_1_60' title='bbox 871 1388 994 1455; x_wconf 91' lang='lat' dir='ltr'>per</span> <span class='ocrx_word' id='word_1_61' title='bbox 1027 1378 1255 1455; x_wconf 84' lang='lat' dir='ltr'>partes</span> <span class='ocrx_word' id='word_1_62' title='bbox 1302 1365 1504 1433; x_wconf 90' lang='lat' dir='ltr'>edere</span> <span class='ocrx_word' id='word_1_63' title='bbox 1558 1369 1778 1460; x_wconf 84' lang='lat' dir='ltr'>coepit</span> <span class='ocrx_word' id='word_1_64' title='bbox 1810 1368 1916 1447; x_wconf 82' lang='lat' dir='ltr'>Cl.</span> <span class='ocrx_word' id='word_1_65' title='bbox 1949 1371 2047 1440; x_wconf 81' lang='lat' dir='ltr'>‹le-</span> 
     </span>
     <span class='ocr_line' id='line_1_12' title="bbox 113 1485 2044 1581; baseline -0.001 -21"><span class='ocrx_word' id='word_1_66' title='bbox 113 1493 179 1560; x_wconf 89' lang='lat' dir='ltr'>la</span> <span class='ocrx_word' id='word_1_67' title='bbox 237 1490 560 1559; x_wconf 89' lang='lat' dir='ltr'>Bleterie.</span> <span class='ocrx_word' id='word_1_68' title='bbox 660 1485 1176 1576; x_wconf 84' lang='lat' dir='ltr'>Interpretandi</span> <span class='ocrx_word' id='word_1_69' title='bbox 1238 1485 1420 1576; x_wconf 81' lang='lat' dir='ltr'>leges</span> <span class='ocrx_word' id='word_1_70' title='bbox 1474 1490 1917 1581; x_wconf 69' lang='lat' dir='ltr'>praescripsit,</span> <span class='ocrx_word' id='word_1_71' title='bbox 1969 1503 2044 1559; x_wconf 91' lang='lat' dir='ltr'>et</span> 
     </span>
     <span class='ocr_line' id='line_1_13' title="bbox 112 1607 2049 1697; baseline 0.001 -18"><span class='ocrx_word' id='word_1_72' title='bbox 112 1612 205 1679; x_wconf 87' lang='lat' dir='ltr'>ad</span> <span class='ocrx_word' id='word_1_73' title='bbox 237 1633 478 1678; x_wconf 87' lang='lat' dir='ltr'>earum</span> <span class='ocrx_word' id='word_1_74' title='bbox 509 1609 803 1676; x_wconf 86' lang='lat' dir='ltr'>formam</span> <span class='ocrx_word' id='word_1_75' title='bbox 839 1607 1093 1674; x_wconf 86' lang='lat' dir='ltr'>selecta</span> <span class='ocrx_word' id='word_1_76' title='bbox 1126 1619 1199 1675; x_wconf 90' lang='lat' dir='ltr'>et</span> <span class='ocrx_word' id='word_1_77' title='bbox 1231 1608 1596 1697; x_wconf 85' lang='lat' dir='ltr'>splendida</span> <span class='ocrx_word' id='word_1_78' title='bbox 1627 1608 1854 1678; x_wconf 84' lang='lat' dir='ltr'>Taciti</span> <span class='ocrx_word' id='word_1_79' title='bbox 1888 1611 2049 1681; x_wconf 81' lang='lat' dir='ltr'>loca</span> 
     </span>
     <span class='ocr_line' id='line_1_14' title="bbox 116 1728 2048 1822; baseline -0.001 -22"><span class='ocrx_word' id='word_1_80' title='bbox 116 1732 452 1822; x_wconf 84' lang='lat' dir='ltr'>expressit</span> <span class='ocrx_word' id='word_1_81' title='bbox 483 1728 586 1799; x_wconf 88' lang='lat' dir='ltr'>Cl.</span> <span class='ocrx_word' id='word_1_82' title='bbox 623 1728 1076 1796; x_wconf 86' lang='lat' dir='ltr'>d’Alembert.</span> <span class='ocrx_word' id='word_1_83' title='bbox 1163 1728 1426 1795; x_wconf 85' lang='lat' dir='ltr'>Eorum</span> <span class='ocrx_word' id='word_1_84' title='bbox 1460 1731 1795 1820; x_wconf 86' lang='lat' dir='ltr'>exemplis</span> <span class='ocrx_word' id='word_1_85' title='bbox 1830 1732 2048 1800; x_wconf 71' lang='lat' dir='ltr'>fama-</span> 
     </span>
     <span class='ocr_line' id='line_1_15' title="bbox 122 1849 2052 1943; baseline 0.001 -23"><span class='ocrx_word' id='word_1_86' title='bbox 122 1874 263 1942; x_wconf 85' lang='lat' dir='ltr'>que</span> <span class='ocrx_word' id='word_1_87' title='bbox 312 1850 540 1943; x_wconf 85' lang='lat' dir='ltr'>plures</span> <span class='ocrx_word' id='word_1_88' title='bbox 597 1849 883 1919; x_wconf 88' lang='lat' dir='ltr'>excitati</span> <span class='ocrx_word' id='word_1_89' title='bbox 937 1871 1147 1914; x_wconf 87' lang='lat' dir='ltr'>novas</span> <span class='ocrx_word' id='word_1_90' title='bbox 1183 1860 1531 1939; x_wconf 85' lang='lat' dir='ltr'>apparant</span> <span class='ocrx_word' id='word_1_91' title='bbox 1561 1849 1790 1918; x_wconf 81' lang='lat' dir='ltr'>Taciti</span> <span class='ocrx_word' id='word_1_92' title='bbox 1840 1852 2052 1921; x_wconf 86' lang='lat' dir='ltr'>inter-</span> 
     </span>
     <span class='ocr_line' id='line_1_16' title="bbox 118 1969 2048 2064; baseline 0 -24"><span class='ocrx_word' id='word_1_93' title='bbox 118 1969 561 2064; x_wconf 84' lang='lat' dir='ltr'>pretationes.</span> <span class='ocrx_word' id='word_1_94' title='bbox 617 1969 869 2059; x_wconf 78' lang='lat' dir='ltr'>vigeat</span> <span class='ocrx_word' id='word_1_95' title='bbox 902 1978 1309 2057; x_wconf 84' lang='lat' dir='ltr'>crescatque</span> <span class='ocrx_word' id='word_1_96' title='bbox 1339 1969 1647 2059; x_wconf 84' lang='lat' dir='ltr'>egregius</span> <span class='ocrx_word' id='word_1_97' title='bbox 1686 1971 1796 2038; x_wconf 91' lang='lat' dir='ltr'>ille</span> <span class='ocrx_word' id='word_1_98' title='bbox 1821 1972 2048 2053; x_wconf 83' lang='lat' dir='ltr'>ardor,</span> 
     </span>
     <span class='ocr_line' id='line_1_17' title="bbox 119 2088 2052 2184; baseline 0.002 -24"><span class='ocrx_word' id='word_1_99' title='bbox 119 2114 264 2184; x_wconf 89' lang='lat' dir='ltr'>quo</span> <span class='ocrx_word' id='word_1_100' title='bbox 330 2106 650 2173; x_wconf 79' lang='lat' dir='ltr'>&#39;summus</span> <span class='ocrx_word' id='word_1_101' title='bbox 716 2090 1132 2179; x_wconf 89' lang='lat' dir='ltr'>scriptorum</span> <span class='ocrx_word' id='word_1_102' title='bbox 1200 2088 1472 2179; x_wconf 86' lang='lat' dir='ltr'>imperii</span> <span class='ocrx_word' id='word_1_103' title='bbox 1541 2089 1843 2158; x_wconf 87' lang='lat' dir='ltr'>Romani</span> <span class='ocrx_word' id='word_1_104' title='bbox 1907 2117 2052 2163; x_wconf 86' lang='lat' dir='ltr'>non</span> 
     </span>
    </p>
   </div>
   <div class='ocr_carea' id='block_1_4' title="bbox 0 2210 2153 2424">
    <p class='ocr_par' dir='ltr' id='par_1_4' title="bbox 0 2210 2153 2424">
     <span class='ocr_line' id='line_1_18' title="bbox 0 2210 2050 2303; baseline -0 -22"><span class='ocrx_word' id='word_1_105' title='bbox 0 2271 30 2300; x_wconf 11' lang='grc' dir='ltr'>,γ</span> <span class='ocrx_word' id='word_1_106' title='bbox 118 2211 334 2281; x_wconf 73' lang='lat' dir='ltr'>modo</span> <span class='ocrx_word' id='word_1_107' title='bbox 365 2211 559 2303; x_wconf 76' lang='lat' dir='ltr'>apud</span> <span class='ocrx_word' id='word_1_108' title='bbox 594 2235 718 2280; x_wconf 85' lang='lat' dir='ltr'>nos</span> <span class='ocrx_word' id='word_1_109' title='bbox 750 2210 969 2301; x_wconf 84' lang='lat' dir='ltr'>magis</span> <span class='ocrx_word' id='word_1_110' title='bbox 994 2233 1078 2277; x_wconf 89' lang='lat' dir='ltr'>ac</span> <span class='ocrx_word' id='word_1_111' title='bbox 1112 2211 1332 2300; x_wconf 81' lang='lat' dir='ltr'>magis</span> <span class='ocrx_word' id='word_1_112' title='bbox 1364 2210 1791 2294; x_wconf 82' lang='lat' dir='ltr'>inclarescet‚</span> <span class='ocrx_word' id='word_1_113' title='bbox 1839 2214 1955 2280; x_wconf 91' lang='lat' dir='ltr'>sed</span> <span class='ocrx_word' id='word_1_114' title='bbox 1994 2215 2050 2280; x_wconf 82' lang='lat' dir='ltr'>si</span> 
     </span>
     <span class='ocr_line' id='line_1_19' title="bbox 15 2323 2153 2424; baseline -0.001 -22"><span class='ocrx_word' id='word_1_115' title='bbox 15 2323 66 2408; x_wconf 50' lang='lat' dir='ltr'><em>s</em></span> <span class='ocrx_word' id='word_1_116' title='bbox 123 2337 251 2402; x_wconf 67' lang='lat' dir='ltr'>sua</span> <span class='ocrx_word' id='word_1_117' title='bbox 303 2356 462 2402; x_wconf 87' lang='lat' dir='ltr'>eum</span> <span class='ocrx_word' id='word_1_118' title='bbox 520 2333 586 2399; x_wconf 82' lang='lat' dir='ltr'>vi</span> <span class='ocrx_word' id='word_1_119' title='bbox 642 2354 727 2399; x_wconf 87' lang='lat' dir='ltr'>ac</span> <span class='ocrx_word' id='word_1_120' title='bbox 782 2333 1118 2399; x_wconf 86' lang='lat' dir='ltr'>brevitate</span> <span class='ocrx_word' id='word_1_121' title='bbox 1171 2332 1647 2421; x_wconf 77' lang='lat' dir='ltr'>exprimimuS,</span> <span class='ocrx_word' id='word_1_122' title='bbox 1719 2356 2059 2424; x_wconf 78' lang='lat' dir='ltr'>magnum·</span> <span class='ocrx_word' id='word_1_123' title='bbox 2148 2382 2153 2399; x_wconf 90' lang='lat'><em>.</em></span> 
     </span>
    </p>
   </div>
   <div class='ocr_carea' id='block_1_5' title="bbox 125 2451 2052 2523">
    <p class='ocr_par' dir='ltr' id='par_1_5' title="bbox 125 2451 2052 2523">
     <span class='ocr_line' id='line_1_20' title="bbox 125 2451 2052 2523; baseline 0 0"><span class='ocrx_word' id='word_1_124' title='bbox 125 2453 411 2523; x_wconf 85' lang='lat' dir='ltr'>accedet</span> <span class='ocrx_word' id='word_1_125' title='bbox 442 2453 814 2520; x_wconf 76' lang='lat' dir='ltr'>literatura:</span> <span class='ocrx_word' id='word_1_126' title='bbox 848 2462 1100 2521; x_wconf 81' lang='lat' dir='ltr'>nostrae</span> <span class='ocrx_word' id='word_1_127' title='bbox 1137 2451 1348 2519; x_wconf 88' lang='lat' dir='ltr'>decus</span> <span class='ocrx_word' id='word_1_128' title='bbox 1382 2462 1455 2519; x_wconf 88' lang='lat' dir='ltr'>et</span> <span class='ocrx_word' id='word_1_129' title='bbox 1499 2453 2052 2522; x_wconf 79' lang='lat' dir='ltr'>incitamentum.</span> 
     </span>
    </p>
   </div>
   <div class='ocr_carea' id='block_1_6' title="bbox 123 2692 2055 3038">
    <p class='ocr_par' dir='ltr' id='par_1_6' title="bbox 123 2692 2055 3038">
     <span class='ocr_line' id='line_1_21' title="bbox 221 2692 2055 2785; baseline 0.002 -25"><span class='ocrx_word' id='word_1_130' title='bbox 221 2693 306 2760; x_wconf 90' lang='lat' dir='ltr'>In</span> <span class='ocrx_word' id='word_1_131' title='bbox 339 2692 473 2762; x_wconf 86' lang='lat' dir='ltr'>hoe</span> <span class='ocrx_word' id='word_1_132' title='bbox 509 2704 742 2762; x_wconf 86' lang='lat' dir='ltr'>autem</span> <span class='ocrx_word' id='word_1_133' title='bbox 778 2694 1362 2785; x_wconf 82' lang='lat' dir='ltr'>interpretationis</span> <span class='ocrx_word' id='word_1_134' title='bbox 1397 2717 1644 2784; x_wconf 82' lang='lat' dir='ltr'>genere</span> <span class='ocrx_word' id='word_1_135' title='bbox 1674 2718 1812 2761; x_wconf 90' lang='lat' dir='ltr'>non</span> <span class='ocrx_word' id='word_1_136' title='bbox 1845 2696 2055 2764; x_wconf 64' lang='lat' dir='ltr'>‘steti-t</span> 
     </span>
     <span class='ocr_line' id='line_1_22' title="bbox 123 2799 2055 2907; baseline 0.003 -27"><span class='ocrx_word' id='word_1_137' title='bbox 123 2799 351 2883; x_wconf 81' lang='lat' dir='ltr'>Taciti</span> <span class='ocrx_word' id='word_1_138' title='bbox 383 2814 790 2883; x_wconf 87' lang='lat' dir='ltr'>admiratio:</span> <span class='ocrx_word' id='word_1_139' title='bbox 843 2815 1132 2884; x_wconf 87' lang='lat' dir='ltr'>alterum</span> <span class='ocrx_word' id='word_1_140' title='bbox 1170 2816 1616 2907; x_wconf 81' lang='lat' dir='ltr'>excogitavit,</span> <span class='ocrx_word' id='word_1_141' title='bbox 1667 2813 1810 2905; x_wconf 80' lang='lat' dir='ltr'>quo</span> <span class='ocrx_word' id='word_1_142' title='bbox 1846 2814 2055 2885; x_wconf 87' lang='lat' dir='ltr'>licen-</span> 
     </span>
     <span class='ocr_line' id='line_1_23' title="bbox 125 2910 2054 3038; baseline 0.005 -39"><span class='ocrx_word' id='word_1_143' title='bbox 125 2933 263 3003; x_wconf 74' lang='lat' dir='ltr'>tius</span> <span class='ocrx_word' id='word_1_144' title='bbox 296 2923 786 3028; x_wconf 78' lang='lat' dir='ltr'>expatiaretur.</span> <span class='ocrx_word' id='word_1_145' title='bbox 883 2910 1291 3007; x_wconf 55' lang='lat' dir='ltr'>Illustricires</span> <span class='ocrx_word' id='word_1_146' title='bbox 1342 2936 1605 3004; x_wconf 83' lang='lat' dir='ltr'>scilicet</span> <span class='ocrx_word' id='word_1_147' title='bbox 1638 2935 1864 3038; x_wconf 67' lang='lat' dir='ltr'>&#39;l&#39;aciti</span> <span class='ocrx_word' id='word_1_148' title='bbox 1903 2960 2054 3008; x_wconf 85' lang='lat' dir='ltr'>sen-</span> 
     </span>
    </p>
   </div>
   <div class='ocr_carea' id='block_1_7' title="bbox 126 3227 2055 3582">
    <p class='ocr_par' dir='ltr' id='par_1_7' title="bbox 126 3227 2055 3582">
     <span class='ocr_line' id='line_1_24' title="bbox 205 3227 2053 3306; baseline 0.004 -24"><span class='ocrx_word' id='word_1_149' title='bbox 205 3228 221 3252; x_wconf 86' lang='lat'>⁸</span> <span class='ocrx_word' id='word_1_150' title='bbox 251 3227 462 3283; x_wconf 81' lang='lat' dir='ltr'>Amelot</span> <span class='ocrx_word' id='word_1_151' title='bbox 482 3228 609 3283; x_wconf 79' lang='lat' dir='ltr'>dela</span> <span class='ocrx_word' id='word_1_152' title='bbox 627 3229 888 3285; x_wconf 71' lang='lat' dir='ltr'>Housmie</span> <span class='ocrx_word' id='word_1_153' title='bbox 905 3248 1049 3286; x_wconf 79' lang='lat' dir='ltr'>xm.</span> <span class='ocrx_word' id='word_1_154' title='bbox 1132 3233 1406 3305; x_wconf 83' lang='lat' dir='ltr'>politiques</span> <span class='ocrx_word' id='word_1_155' title='bbox 1431 3247 1483 3289; x_wconf 88' lang='lat' dir='ltr'>et</span> <span class='ocrx_word' id='word_1_156' title='bbox 1519 3236 1693 3291; x_wconf 84' lang='lat' dir='ltr'>histori</span> <span class='ocrx_word' id='word_1_157' title='bbox 1735 3255 1823 3290; x_wconf 86' lang='lat' dir='ltr'>ues</span> <span class='ocrx_word' id='word_1_158' title='bbox 1847 3255 1940 3306; x_wconf 85' lang='lat' dir='ltr'>par</span> <span class='ocrx_word' id='word_1_159' title='bbox 1966 3235 2053 3290; x_wconf 89' lang='grc' dir='ltr'>Μ.</span> 
     </span>
     <span class='ocr_line' id='line_1_25' title="bbox 167 3301 2055 3362; baseline 0.003 -7"><span class='ocrx_word' id='word_1_160' title='bbox 167 3301 327 3356; x_wconf 70' lang='grc' dir='ltr'>τίοι-οε</span> <span class='ocrx_word' id='word_1_161' title='bbox 361 3301 643 3361; x_wconf 73' lang='lat' dir='ltr'>Annalium</span> <span class='ocrx_word' id='word_1_162' title='bbox 681 3302 840 3356; x_wconf 78' lang='lat' dir='ltr'>libros</span> <span class='ocrx_word' id='word_1_163' title='bbox 882 3305 1048 3359; x_wconf 82' lang='lat' dir='ltr'>vertit.</span> <span class='ocrx_word' id='word_1_164' title='bbox 1135 3305 1350 3360; x_wconf 86' lang='lat' dir='ltr'>Amelot</span> <span class='ocrx_word' id='word_1_165' title='bbox 1408 3309 1471 3360; x_wconf 84' lang='lat' dir='ltr'>de</span> <span class='ocrx_word' id='word_1_166' title='bbox 1550 3308 1600 3362; x_wconf 89' lang='lat' dir='ltr'>la</span> <span class='ocrx_word' id='word_1_167' title='bbox 1671 3309 1701 3362; x_wconf 71' lang='grc' dir='ltr'><strong>Ι</strong></span> <span class='ocrx_word' id='word_1_168' title='bbox 1732 3310 1928 3362; x_wconf 73' lang='lat' dir='ltr'>oussaie</span> <span class='ocrx_word' id='word_1_169' title='bbox 2001 3318 2055 3361; x_wconf 88' lang='lat' dir='ltr'>et</span> 
     </span>
     <span class='ocr_line' id='line_1_26' title="bbox 127 3322 2052 3447; baseline 0.003 -20"><span class='ocrx_word' id='word_1_170' title='bbox 127 3322 316 3428; x_wconf 48' lang='lat' dir='ltr'>zeter-a</span> <span class='ocrx_word' id='word_1_171' title='bbox 341 3370 514 3427; x_wconf 83' lang='lat' dir='ltr'>Taciti</span> <span class='ocrx_word' id='word_1_172' title='bbox 555 3393 710 3446; x_wconf 85' lang='lat' dir='ltr'>opera</span> <span class='ocrx_word' id='word_1_173' title='bbox 752 3376 1051 3447; x_wconf 80' lang='lat' dir='ltr'>interpreta-</span> <span class='ocrx_word' id='word_1_174' title='bbox 1138 3376 1220 3430; x_wconf 89' lang='lat' dir='ltr'>M.</span> <span class='ocrx_word' id='word_1_175' title='bbox 1239 3376 1305 3430; x_wconf 88' lang='lat' dir='ltr'>L.</span> <span class='ocrx_word' id='word_1_176' title='bbox 1323 3379 1388 3432; x_wconf 86' lang='lat' dir='ltr'>C.</span> <span class='ocrx_word' id='word_1_177' title='bbox 1407 3378 1479 3432; x_wconf 90' lang='lat' dir='ltr'>D.</span> <span class='ocrx_word' id='word_1_178' title='bbox 1498 3379 1680 3434; x_wconf 68' lang='lat' dir='ltr'><em>G***.</em></span> <span class='ocrx_word' id='word_1_179' title='bbox 1732 3380 1779 3433; x_wconf 86' lang='grc' dir='ltr'>Α</span> <span class='ocrx_word' id='word_1_180' title='bbox 1809 3379 1854 3433; x_wconf 87' lang='lat' dir='ltr'>la</span> <span class='ocrx_word' id='word_1_181' title='bbox 1886 3378 2052 3447; x_wconf 73' lang='lat' dir='ltr'>Haye,</span> 
     </span>
     <span class='ocr_line' id='line_1_27' title="bbox 126 3445 2035 3515; baseline 0.004 -16"><span class='ocrx_word' id='word_1_182' title='bbox 126 3458 208 3500; x_wconf 70' lang='lat' dir='ltr'>tun</span> <span class='ocrx_word' id='word_1_183' title='bbox 246 3456 327 3500; x_wconf 69' lang='lat' dir='ltr'>ent</span> <span class='ocrx_word' id='word_1_184' title='bbox 370 3445 552 3515; x_wconf 75' lang='lat' dir='ltr'>Bmys,</span> <span class='ocrx_word' id='word_1_185' title='bbox 606 3448 695 3500; x_wconf 68' lang='lat' dir='ltr'>ned</span> <span class='ocrx_word' id='word_1_186' title='bbox 735 3447 1048 3502; x_wconf 74' lang='lat' dir='ltr'>dissimulato</span> <span class='ocrx_word' id='word_1_187' title='bbox 1131 3450 1254 3503; x_wconf 85' lang='lat' dir='ltr'>chez</span> <span class='ocrx_word' id='word_1_188' title='bbox 1297 3451 1612 3508; x_wconf 75' lang='lat' dir='ltr'>scheurleer.</span> <span class='ocrx_word' id='word_1_189' title='bbox 1683 3460 2035 3514; x_wconf 80' lang='lat'><strong>1731—1735</strong></span> 
     </span>
     <span class='ocr_line' id='line_1_28' title="bbox 128 3516 1549 3582; baseline 0.004 -11"><span class='ocrx_word' id='word_1_190' title='bbox 128 3518 352 3572; x_wconf 78' lang='lat' dir='ltr'>nomine.</span> <span class='ocrx_word' id='word_1_191' title='bbox 388 3516 620 3573; x_wconf 83' lang='lat' dir='ltr'>“Tacite</span> <span class='ocrx_word' id='word_1_192' title='bbox 645 3539 765 3572; x_wconf 84' lang='lat' dir='ltr'>avec</span> <span class='ocrx_word' id='word_1_193' title='bbox 791 3520 878 3574; x_wconf 69' lang='lat' dir='ltr'>des</span> <span class='ocrx_word' id='word_1_194' title='bbox 905 3530 1050 3575; x_wconf 78' lang='lat' dir='ltr'>notes</span> <span class='ocrx_word' id='word_1_195' title='bbox 1140 3529 1204 3576; x_wconf 87' lang='lat'>10</span> <span class='ocrx_word' id='word_1_196' title='bbox 1229 3522 1327 3578; x_wconf 81' lang='lat' dir='ltr'>vol.</span> <span class='ocrx_word' id='word_1_197' title='bbox 1353 3522 1549 3582; x_wconf 45' lang='grc' dir='ltr'>ἰπὶ-129</span> 
     </span>
    </p>
   </div>
  </div>
 </body>
</html>
