2268 3964
244 198 344 243 400
833 191 1038 240 NOTAE
1074 191 1160 238 ET
1195 190 1751 242 EMENDATIONES

244 321 376 372 filius
394 318 424 371 ἒι
441 317 655 372 Tiberio
674 316 872 383 missua,
898 318 1146 371 Artabani
1170 315 1245 370 II.
1271 338 1481 388 regnum
1502 330 1752 389 occupat:
1791 339 1914 373 mox
1939 319 2161 390 pellitur.

244 412 411 465 Tacit.
431 410 617 464 Annal.
645 429 726 462 vi.
753 417 840 463 32.
863 417 928 468 37
955 422 1007 463 et
1030 415 1119 463 44.

314 501 798 558 ARTABANUS
825 501 901 554 II.
927 503 1222 555 secundnm.
1263 489 1484 574 *stepa
1511 503 1689 574 Antiq.
1708 503 1911 558 Judaic.
1940 523 2048 557 xx.
2075 513 2126 558 3.
2158 554 2161 557 ⁴

318 593 764 658 CINNAMUS,
802 593 1067 647 Artabano
1093 594 1169 646 ΙΙ.
1195 597 1437 665 profugo,
1463 595 1697 666 imperat.
1736 596 1773 651 J
1778 598 1954 667 oseph.
1991 596 2125 649 Ibid.

315 686 794 748 ARTABANUS
823 685 897 738 II.
925 686 1147 739 tertiilm.
1182 688 1218 741 J
1223 686 1402 757 oseph
1431 686 1564 740 Ibid.

320 778 757 844 GOTARZES,
794 778 1059 833 interfecto
1092 781 1244 835 fratre
1269 800 1362 834 suo
1386 780 1651 837 Artabano
1676 779 1751 834 II.
1782 801 1991 852 regnum
2013 794 2167 847 occu-
2256 847 2259 851 .

246 883 350 945 pat.
376 872 546 928 Tacit.
571 871 758 926 Annal.
788 889 875 925 x1.
903 878 954 924 8.

863 1146 932 1200 A.
952 1145 1021 1200 U.
1044 1146 1109 1199 C.
1136 1153 1259 1200 800.
1294 1145 1350 1201 J.
1373 1145 1438 1200 C.
1460 1152 1549 1205 47.

291 1341 775 1408 BARDANES,
823 1343 1070 1397 Artabani
1113 1341 1188 1396 II.
1242 1343 1394 1408 filius,
1445 1345 1509 1396 de
1568 1328 1724 1412 regno
1771 1363 1889 1398 cum
1945 1343 2173 1400 Gotarze
2255 1323 2257 1327 ι

248 1437 538 1508 paciscitur.
575 1435 744 1489 Tacit.
771 1429 957 1488 Ann‘al.
990 1454 1079 1489 xl.
1106 1443 1137 1489 8
1165 1447 1216 1490 et
1236 1444 1289 1497 9.
2142 1450 2147 1462 “
2252 1442 2255 1446 ’

285 1588 293 1592 .
323 1529 738 1586 GQTARZES
763 1529 946 1584 iterum
970 1530 1204 1601 imperat,
1234 1530 1468 1583 Bardane
1486 1529 1770 1585 interfecto.
1787 1530 1958 1586 Tacit.
1983 1530 2173 1611 Amal.
2252 1519 2254 1523 ’

252 1643 341 1679 xi.
370 1631 454 1677 10.

274 1706 901 1782 '‘MEHERDATES,
959 1716 1190 1771 Phraatis
1247 1707 1363 1771 IV(
1397 1737 1575 1789 ηεροδ,
1631 1717 1862 1773 Voiionis
1912 1716 1959 1771 I.
2019 1717 2173 1784 filius,

233 1811 494 1884 ¹Gotarzis
520 1809 748 1876 aemUIUS,
781 1821 833 1864 et
858 1813 922 1864 ab
947 1809 1035 1862 illo
1069 1810 1249 1864 victus.
1286 1811 1456 1864 Tacit.
1482 1810 1670 1866 Annal.
1711 1829 1799 1864 xl.
1840 1819 1920 1864 10.
1947 1804 2077 1865 ΧΠ.
2108 1818 2178 1864 10

254 1914 307 1958 et
338 1912 419 1958 14.
692 1909 696 1913 ’

323 1997 494 2053 VON
500 1997 614 2050 ΟΝ
619 1992 709 2049 Fs
748 1995 824 2049 Π.
865 1997 1091 2050 Gotarze
1115 2006 1340 2062 mortue,
1377 1997 1431 2050 in
1463 2016 1694 2067 regnum
1699 1997 1922 2063 accitus;
1959 1995 2100 2051 brevi
2123 2007 2179 2050 et

246 2089 505 2160 inglorio
492 2090 707 2160 imperio
724 2093 1022 2162 perfunctus
1047 2100 1142 2145 est.
1212 2089 1386 2146 Antea
1406 2090 1600 2146 Medos
1625 2090 1943 2165 praesidebat.
2002 2091 2177 2151 Tacit.
2196 2128 2198 2131 -

252 2183 440 2243 Annal.
469 2202 585 2237 ΧΠ.
617 2192 697 2238 14.
1938 2195 1941 2198 ·

795 2431 934 2483 Ante
958 2430 1029 2484 A.
1045 2430 1116 2483 U.
1137 2430 1202 2485 C.
1230 2437 1352 2485 804.
1389 2430 1446 2485 J.
1468 2429 1532 2485 C.
1560 2435 1648 2484 51.

326 2612 793 2690 voLoc-ESES
819 2611 866 2666 1.
906 2613 1136 2678 vononis
1162 2612 1238 2666 11.
1263 2613 1414 2678 filius,
1440 2612 1670 2678 matema
1688 2612 1879 2683 origine
1904 2631 1967 2667 ex
1994 2597 2179 2684 pellice
2238 2685 2241 2690 y

254 2706 462 2773 Graeca,
486 2725 731 2759 concessu
767 2707 980 2758 fratrum
1013 2725 1225 2776 regnum
1262 2707 1492 2777 adeptus.
1566 2706 1734 2760 Tacit.
1754 2705 1941 2759 Annal.
1971 2724 2085 2758 xn.
2113 2713 2178 2760 14

254 2812 305 2854 et
329 2809 417 2855 44.
494 2799 689 2853 Extant
720 2800 828 2871 ejus
858 2799 1056 2851 nummi
1091 2818 1212 2852 cum
1235 2799 1359 2852 nota
1387 2818 1469 2852 HT
1497 2802 1634 2870 apud
1665 2799 1908 2864 Vaillant,
1941 2798 2177 2852 Arsacid.

251 2892 527 2964 Imperrp.
545 2898 669 2952 ⁶293.
690 2912 810 2955 cum
830 2891 954 2945 nota
977 2899 1069 2944 ΑΛ
1086 2901 1126 2945 T
1141 2894 1280 2962 ap'ud
1300 2892 1480 2958 Panel,
1509 2891 1690 2947 Lettre
1707 2912 1794 2946 sur
1819 2893 1864 2945 le
1892 2890 2181 2944 Medailler
2232 2895 2234 2898 ’

254 2986 316 3042 de
343 2985 428 3042 M.
455 2986 500 3038 le
532 2984 681 3051 Rrec,
717 2979 773 3055 p.‘
796 2993 849 3037 4.
889 2984 1021 3042 Quae
1059 2995 1195 3038 notae
1234 2984 1515 3053 significant
1551 3005 1708 3038 annos
1741 2985 1883 3041 AErae
1924 2983 2178 3056 Parthicae

252 3084 357 3132 308
384 3089 435 3133 et
460 3085 583 3133 331.
622 3097 711 3135 seu
733 3078 803 3131 U.
826 3077 891 3130 C.
918 3083 1023 3132 805
1052 3088 1104 3132 et
1128 3084 1252 3132 828.
1290 3078 1346 3132 J.
1369 3077 1434 3130 C.
1459 3085 1529 3134 52
1555 3089 1606 3131 et
1630 3084 1719 3137 75.

870 3338 1027 3394 A.U.
1049 3337 1113 3392 C.
1140 3343 1264 3396 807.
1302 3337 1358 3392 J.
1386 3336 1452 3391 C.
1479 3342 1567 3390 54.

251 3532 253 3534 ’
327 3531 778 3607 VARDANES,
812 3533 1084 3604 Vologesis
1123 3518 1169 3587 1.
1209 3534 1368 3608 patris
1393 3533 1507 3601 suis
1529 3531 1757 3587 aemulus.
1794 3531 1963 3587 Tacit.
1990 3532 2183 3587 Amal.

259 3644 404 3683 xiix.
443 3633 493 3686 7.
1396 3667 1399 3672 s
