2268 3964
2254 59 2268 98 ἒ.

2254 108 2262 152 ἑ

267 179 383 239 :306¹
1820 182 1886 229 Α.
1908 181 1972 232 υ.
1992 183 2051 231 c.
2073 187 2191 237 7841.

871 179 930 228 C.
971 175 1303 237 CORNELII
1336 174 1566 237 TACITI

270 329 492 390 raeeum
509 305 767 377 ¹-rAtticae
794 326 937 381 orae,
964 305 1099 368 dein
1127 305 1529 369 Corinthiense
1556 306 1758 383 littuS,2
1789 310 2192 392 angustiasque

270 395 473 470 Isthmi
499 405 721 480 evadit:
746 403 1002 484 marique
1022 403 1133 463 alio
1160 395 1519 483 Nicopolim,
1533 404 1859 466 Romanam
1886 408 2200 483 coloniam,
2248 392 2268 487 ³}

270 503 585 585 ingressu8,
604 540 609 567 ·.
624 499 726 560 ibi*
758 501 997 560 demum
1034 498 1350 579 cognoscit,
1399 500 1681 562 solertius
1733 502 2198 585 interrogatum5³=
2245 484 2268 564 i

272 598 611 680 “quisnam
636 595 856 670 foret,''·
883 595 1112 668 dixisse,
1155 601 1198 651 “,
1227 597 1316 655 M.
1342 595 1583 665 *Silano‘*
1605 597 1928 680 genitum,”
1961 614 2018 659 et
2045 601 2197 660 mul·
2235 563 2268 685 Ξ

273 692 346 754 tis
360 708 719 769 ,sectatorum
745 693 994 773 dilapsis,
1044 688 1360 761 ascendisse
1386 712 1614 767 navem,
1658 708 1950 775 tamquam
1974 687 2196 760 'Italiam
2244 683 2268 771 ³

274 804 530 870 peteret:
592 788 953 870 scripsitque
982 789 1108 848 haec
1173 788 1445 848 Tiberio:
1509 807 1697 871 neque
1751 811 1858 852 nos
1910 791 2199 874 originem,
2247 774 2268 875 {3-

276 887 526 948 finemve
545 890 563 922 ⁵
591 888 715 968 ejus
740 885 824 946 rei
845 887 995 953 ultra
1020 885 1424 967 comperimus,
1675 935 1677 938 .
1894 942 1901 957 =
2196 922 2201 929 ·
2242 879 2268 980 Ξ

364 1088 461 1138 11.
504 1080 731 1139 EXITU
762 1078 916 1154 anni,
959 1078 1058 1139 diu
1086 1093 1252 1139 aucta
1279 1078 1562 1140 discordia
1581 1076 1928 1140 consulum⁶
1967 1082 2192 1164 erupit:

274 1193 416 1234 nam
430 1176 632 1250 -Trio,⁷
672 1174 853 1236 facilis
879 1176 1236 1256 capessendis
1261 1175 1582 1250 inimicitiis,
1623 1190 1681 1236 et
1723 1175 1854 1237 foro
1891 1179 2198 1253 exercitUS,
2240 1187 2262 1256 {3

278 1276 324 1306 “
353 1285 426 1331 ut·
461 1293 701 1354 segnem
743 1272 1043 1354 Regulum
1080 1273 1154 1331 ad
1172 1295 1177 1297 ·
1197 1272 1605 1352 opprimendos
1645 1272 1831 1354 Sejani
1869 1274 2199 1339 ministros’'

275 1366 513 1449 oblique
542 1368 988 1450 perstrinxerat:
1031 1369 1149 1444 ille,
1190 1369 1297 1433 nisi
1324 1370 1715 1444 lacesseretur,
1734 1371 2027 1439 modestiae
2071 1370 2201 1433 reti-

287 1627 290 1629 .
350 1587 367 1608 ¹
393 1589 637 1639 Piroeeum.
657 1591 1030 1644 Celeberrimum
1049 1593 1199 1641 Athe·

281 1670 456 1704 narum
478 1668 687 1720 portum,
708 1675 836 1707 nunc
862 1661 1012 1708 Porto
1036 1661 1085 1708 di
1109 1656 1198 1708 Le-

282 1738 369 1770 one
383 1743 402 1779 ,·
429 1725 766 1788 Appellatione
793 1726 952 1775 sumta
974 1727 1004 1774 a
1028 1729 1193 1790 grandi

278 1789 430 1839 leonis
454 1793 705 1842 marmorei
724 1794 887 1857 effigie,
902 1810 1010 1858 quae
1032 1795 1080 1841 in
1095 1795 1198 1859 ipso·

280 1856 447 1920 portus
466 1859 601 1907 aditu
623 1860 783 1908 adhuc
807 1862 989 1909 visitur.

352 1922 375 1944 ²
409 1924 728 1974 Corinthiense
762 1928 912 1977 littus.
949 1928 1105 1977 Littus
1142 1929 1200 1976 il-

278 1989 371 2038 ‘lud
393 2008 520 2040 nunc
544 1988 813 2058 diciturthe
828 1996 947 2061 gulf
957 1994 1198 2060 osEngia.

285 2058 395 2107 Nec
429 2059 806 2123 Peloponnesum
839 2063 954 2125 legit
975 2063 1198 2122 Sabinus,

283 2126 366 2172 sed
402 2126 683 2188 Cenchreas,
714 2144 845 2175 nunc
889 2129 1075 2177 Kenkri
1116 2147 1201 2193 ap-

282 2193 471 2256 pulsus,
500 2197 739 2258 angustias
765 2195 923 2244 isthmi
955 2198 1118 2256 evasit,
1151 2206 1200 2246 et

284 2261 407 2307 mari
429 2261 542 2320 alio,
557 2277 686 2311 nunc
700 2264 778 2310 tlze
786 2264 907 2328 gals
917 2262 1199 2326 Qf'Corintlz,

285 2327 517 2390 ingressus
541 2339 610 2376 est
631 2330 929 2394 Nicopolim,
963 2330 1200 2385 coloniam

287 2395 571 2454 Romanam,
605 2412 735 2444 nunc
772 2397 980 2446 Preveza
1001 2399 1202 2446 vecchio.

289 2461 368 2508 De
401 2461 495 2510 hac
532 2463 723 2511 colonia
759 2460 978 2512 Romana
1017 2465 1202 2513 dictum

287 2544 435 2620 supra
456 2530 632 2578 Annal.
655 2547 716 2579 11.
740 2536 820 2579 53.

417 2595 650 2644 solertias
695 2599 1052 2661 interrogatum.
1090 2600 1203 2646 Non

283 2659 324 2711 ‘a
338 2663 605 2725 judicibus,
625 2667 703 2712 sed
729 2666 757 2712 a
778 2666 1104 2714 sectatoribus

358 2727 384 2756 ⁴
417 2730 494 2778 M.
518 2730 696 2789 Silano,
736 2732 944 2781 Consule
978 2736 1042 2782 A.
1065 2733 1127 2780 U.
1147 2733 1206 2781 C.

293 2799 409 2850 772.
446 2800 575 2845 Ann.
618 2814 680 2847 11.
716 2805 797 2856 59.
833 2799 1004 2848 Postea
1044 2816 1206 2848 socero

294 2864 402 2910 Caii
426 2865 644 2925 Caesaris,
667 2869 794 2916 Ann.
817 2883 892 2914 vr.
915 2872 996 2915 20.

360 2927 381 2958 ⁵
416 2931 580 2995 Neque
614 2939 707 2981 'nos
745 2936 968 2998 originem
988 2935 1211 2997 finemve.

297 2998 418 3045 Haec.
455 2998 625 3047 Tacito
655 3001 962 3065 incomperta.
1034 3001 1133 3048 Dio
1165 3008 1213 3047 et

297 3065 502 3112 Zonaras
544 3067 682 3132 quasi
728 3070 817 3118 sibi
858 3070 1114 3132 comperta
1142 3084 1213 3114 re—

295 3140 501 3190 censent,
556 3142 603 3180 et
644 3134 855 3198 plurima
896 3136 1209 3182 mentiuntur.

298 3199 426 3247 Vide
471 3208 570 3248 not.
599 3209 647 3249 et
674 3203 859 3250 emend.
898 3203 958 3248 ad
992 3204 1118 3249 Ann.
1161 3218 1212 3249 v.

366 3327 389 3353 ⁶
431 3333 688 3385 Discordia
732 3336 980 3383 consulum.
1019 3334 1213 3383 Trionis

299 3408 348 3450 et
371 3400 558 3462 Reguli,
583 3400 834 3448 consulum
855 3403 1179 3450 suffectorum.

369 3463 390 3492 ⁷
424 3466 555 3515 Trio.
591 3469 648 3517 L.
689 3468 939 3516 Fulcinius
979 3470 1111 3527 Trio,
1154 3470 1210 3516 de

302 3548 577 3597 quosupra
605 3535 781 3582 Annal.
818 3551 879 3581 11.
910 3541 990 3584 28.
1028 3536 1214 3584 Celebre

301 3600 428 3646 inter
443 3608 735 3649 accusatores
766 3602 954 3651 Trionis
983 3603 1215 3668 ingenium

1287 1592 1393 1641 rum
1417 1594 1482 1640 ad
1517 1592 1800 1641 illustranda
1831 1592 1933 1640 haec
1964 1599 2195 1656 tempora,
2231 1607 2268 1639 .;

1285 1671 1332 1708 et
1357 1676 1464 1724 quae
1486 1661 1536 1708 in
1553 1661 1724 1709 Tacito
1745 1660 2069 1708 desiderantur
2090 1677 2201 1723 sup-
2235 1659 2268 1727 χ’ῚῚι

1286 1728 1476 1791 plenda,
1527 1727 1648 1775 nihil
1705 1727 1872 1775 utilius
1915 1735 1999 1786 est,
2052 1727 2198 1791 quam
2227 1760 2229 1765 ,
2254 1766 2265 1782 ,,

1288 1796 1602 1859 fragmentum
1636 1795 1861 1842 fastorum
1897 1795 2203 1859 municipali÷

1289 1878 1372 1909 um
1398 1862 1425 1910 ὲ
1445 1863 1553 1910 vico
1575 1861 1623 1909 S.
1651 1861 1792 1909 Pauli
1827 1877 1975 1926 prope
2005 1862 2219 1920 Nolam,·

1290 1930 1418 1992 quod
1442 1929 1471 1976 a
1494 1929 1764 1978 doctissimo
1782 1928 2032 1975 Sirmondo
2052 1945 2100 1976 se
2122 1946 2203 1978 ace

1289 1997 1466 2060 cepisse
1487 2004 1687 2044 testatur
1708 1997 1959 2053 Gruterus,
1982 2013 2029 2059 p.
2054 2000 2200 2056 1087,
2238 2006 2268 2048 νᾳ.

1291 2063 1406 2110 Inde
1438 2065 1562 2111 enim
1596 2063 1903 2126 intelligimus
1927 2063 2083 2125 Sejani
2106 2080 2202 2112 me·
2238 2062 2268 2129 iffi.

1289 2131 1488 2179 moriam
1510 2131 1698 2194 penitus
1720 2130 1862 2178 fuisse
1883 2130 2199 2192 obliteratam,
2245 2173 2247 2178 .

1284 2206 1332 2246 et
1354 2199 1380 2246 ὲ
1402 2198 1531 2246 fastis
1554 2214 1749 2256 erasam,
1786 2212 2033 2262 unumque
2053 2198 2197 2246 Tibe-

1285 2265 1411 2313 rium
1434 2266 1668 2312 Caesarem
1703 2265 1889 2312 dictum
1921 2265 2059 2312 fuisse
2090 2266 2203 2317 anni
2239 2277 2268 2327 ῳ,

1286 2331 1433 2394 hujus
1476 2331 1747 2385 consulem:
1802 2331 1926 2379 idem
1970 2341 2102 2395 patet
2140 2349 2219 2384 ex.

1287 2399 1414 2446 fastis
1443 2398 1906 2460 vindobonensibus,
1941 2399 1991 2446 in
2025 2401 2200 2464 quibus
2244 2388 2268 2510 ΕΞ

1286 2474 1531 2515 notatum:
2211 2497 2214 2499 >

1386 2545 1389 2550 ³
1438 2556 1624 2604 Tiberio
1649 2555 1836 2605 Caesare
1864 2556 1922 2604 V.
1945 2555 2071 2605 Solo·
2239 2557 2268 2623 ξξῑξ

1290 2666 1383 2712 Die
1454 2663 1582 2712 nona
1641 2665 1766 2712 Maii
1826 2666 2016 2713 suffecti
2073 2670 2205 2730 erant
2240 2660 2268 2722 {²³³

1292 2732 1507 2780 consules
1549 2732 1751 2781 Faustus
1787 2733 2036 2780 Cornelius
2070 2732 2206 2781 Sulla
2238 2737 2246 2793 J

1291 2806 1337 2846 et
1367 2799 1634 2847 Sexteidius
1669 2799 1957 2846 Catullinus.
2027 2800 2092 2847 Iis
2123 2791 2206 2847 ad&
2240 2787 2268 2865 J

1294 2866 1389 2914 huc
1409 2867 1608 2924 suffecti,
1625 2866 1850 2914 Kalendis
1865 2867 1892 2914 J
1898 2867 2004 2925 ulii,
2020 2867 2075 2914 L.
2091 2867 2205 2914 Fula
2232 2898 2233 2901 =

1297 2932 1459 2984 cinius,
1483 2934 1614 2991 Tria,
1649 2942 1901 2983 accusator
1933 2935 2206 2994 acerrimus,
2232 2940 2249 2998 {ss

1296 3001 1524 3048 Kalendis
1570 3000 1812 3059 Octobris,
1843 3001 1899 3047 P.
1945 3001 2208 3051 Memmius
2235 3011 2243 3064 ᾖ]

1298 3068 1525 3131 Regulus,
1561 3068 1692 3115 haud
1730 3068 1798 3118 ita
1830 3066 2078 3126 violentus,
2111 3084 2237 3116 non

1298 3142 1456 3181 tamen
1469 3135 1632 3198 segnis.
1670 3135 1817 3186 Periit
1831 3134 2209 3198 Sejanusquinto
2232 3133 2241 3184 f

1299 3202 1485 3248 decimo
1524 3202 1763 3249 Kalendas
1798 3202 2097 3261 Novembris,
2125 3217 2206 3249 seu
2232 3236 2236 3243 .

1304 3272 1382 3316 18.
1406 3269 1649 3326 Octobris,
1683 3277 1740 3316 ut
1760 3268 1946 3316 dicetur
1966 3269 2088 3319 infra
2110 3271 2208 3317 An·
2235 3327 2237 3330 ι

1300 3336 1399 3385 nal.
1428 3351 1502 3383 vr.
1536 3339 1615 3383 25.
1652 3336 1799 3391 Nunc
1834 3336 1943 3382 vero
1981 3337 2241 3399 fragmen-'³

1302 3410 1401 3449 tum
1432 3402 1661 3450 fastorum
1684 3402 2051 3467 municipalium
2075 3402 2208 3449 exhi·
2237 3411 2257 3460 ,ι’

1303 3471 1482 3527 bemus,
1550 3468 1838 3518 Gruteriano
1907 3471 2210 3524 accuratius;
2236 3471 2262 3498 ’·'

1301 3535 1538 3599 qualeque
1604 3544 1737 3582 extat
1795 3535 1846 3583 in
1911 3530 2212 3597 Bibliotheca

1299 3601 1457 3649 nostra
1494 3619 1640 3653 manu
1676 3603 1822 3667 ipsius
1861 3603 2098 3653 Sirrnondi
2135 3601 2212 3650 de·
2254 3607 2257 3611 '

303 3673 423 3726 crat,
454 3668 726 3736 avidumque
738 3669 890 3737 famoe
921 3672 1067 3720 maloe.
1121 3671 1216 3719 Ve-
1296 3670 1553 3737 scriptum:
