2268 3964
253 173 354 222 130*
856 161 916 210 C.
951 159 1285 210 CORNELII
1318 159 1552 211 ΤΑΟΊΤΙ

247 292 556 379 imperium
584 305 928 375 speraretur.

253 410 372 470 tur,
392 407 520 455 tum
546 391 810 474 primum
836 389 910 452 ad
931 390 1027 472 jus
1053 387 1317 469 praetoris
1342 387 1668 451 translatiS.¹

253 630 257 633 -
335 593 439 654 57.
482 588 909 656 CUNCTAQUE
937 580 1202 644 socialia²
1231 580 1507 664 prosper&
1537 583 1856 664 composita
1881 604 2003 648 non
2043 587 2178 651 ideo
2238 583 2266 664 ἓ.

254 685 455 747 laetum
485 681 906 747 Germanicum
948 681 1257 755 habebant,
1301 683 1379 742 ob
1428 681 1761 761 superbiam
1791 683 2034 760 Pisonis,
2076 687 2178 767 qui
2236 693 2243 741 ζ
2260 680 2264 693 ”

248 783 439 864 jussus
465 794 689 860 partem
733 777 1029 860 legionum
1056 778 1198 859 ipse,
1216 792 1315 840 aut
1352 798 1459 859 per
1486 778 1694 854 filium,
1736 778 1798 840 in
1835 778 2180 846 Armeniam
2233 773 2268 867 J}

1330 875 1546 958 Cyrrhi
1565 878 1581 911 ³
1629 877 1868 937 demum
1904 880 2067 959 apud
2093 880 2180 940 hi.

254 975 435 1035 berna
481 974 743 1036 decumae
781 972 1021 1057 legionis
1049 993 1393 1048 convenere,
1421 975 1650 1034 firmato
1690 974 1880 1050 vultu,
1907 975 2044 1044 Piso
2081 977 2181 1037 ad·
2242 985 2248 1013 ³

252 1071 460 1133 versus
486 1084 730 1146 metum,
775 1070 1161 1132 Germanicus
1187 1091 1261 1131 ne
1289 1069 1492 1131 minari
1533 1071 1904 1147 crederetur;
1951 1086 2009 1132 et
2035 1087 2180 1148 erat,

255 1183 320 1235 ut
346 1169 565 1244 retuli‚⁴
592 1167 964 1234 clementior:
1009 1168 1111 1230 sed
1154 1167 1321 1230 amici
1347 1167 1725 1229 accendendis
1768 1167 2182 1239 offensionibus

254 1265 467 1340 callidi,
491 1265 790 1327 intendere
816 1286 973 1341 vera,
1007 1267 1284 1349 adgerere
1331 1263 1494 1340 falsa,
1521 1265 1827 1346 ipsumque
1855 1280 1912 1327 et
1958 1266 2181 1328 Planci·

253 1382 413 1437 nam,
440 1377 498 1423 et
525 1361 673 1423 filios
699 1361 871 1423 variis
894 1362 1082 1424 modis
1117 1361 1423 1424 criminari.
1507 1361 1813 1423 Postremo
1858 1361 2056 1442 paucis
2096 1362 2182 1425 fa·

256 1459 563 1521 miliarium
589 1458 853 1520 adhibitis
884 1480 1076 1521 sermo
1105 1472 1332 1541 coeptus
1369 1457 1405 1518 a
1434 1460 1686 1533 Caesare,
1715 1459 1947 1540 qualem
1992 1459 2077 1520 ira
2122 1474 2181 1523 et
2227 1459 2236 1534 ’ζ
2261 1507 2265 1522 2

254 1554 625 1618 dissimulatio
661 1555 881 1639 gignit:
924 1577 1268 1638 responsum
1296 1555 1331 1616 a
1357 1554 1564 1618 Pisone
1591 1555 1857 1637 precibus
1883 1572 2180 1619 contuma-
2230 1613 2239 1628 ,
2259 1552 2265 1598 1

1503 1653 1751 1735 postque
1791 1671 1956 1715 rarus
1994 1654 2055 1714 in
2082 1654 2182 1714 tri·

252 1751 450 1814 bunali
489 1751 733 1814 Caesaris
768 1752 940 1827 Piso;
982 1767 1040 1813 et
1067 1752 1113 1814 si
1150 1751 1386 1834 quando
1416 1751 1719 1826 adsideret,
1746 1740 1937 1824 atrox,
1963 1770 2030 1812 ac
2068 1751 2182 1812 dis·

254 1847 463 1911 sentire
484 1846 852 1910 manifestus:
897 1871 1017 1910 vox
1045 1871 1280 1932 quoque
1326 1851 1449 1932 ejus
1474 1847 1665 1909 audita
1685 1861 1770 1909 est
1795 1846 1857 1908 in
1893 1846 2180 1924 convivio,
2230 1846 2264 1898 ’ἶ

254 1947 398 2010 cum
420 1946 573 2028 apud
593 1966 795 2030 regem
814 1947 877 2008 Ν
878 1943 1261 2009 abataeorum⁶
1281 1965 1513 2009 coronae
1539 1964 1730 2007 aureae
1745 1948 1768 1983 ⁷
1795 1963 2009 2028 magno
2037 1963 2180 2027 pon·

253 878 491 952 ducere,
534 891 850 957 utrumque
887 877 1241 958 neglexerat.

253 1653 437 1728 cibu8‚
466 1653 952 1735 discesserantque
979 1654 1192 1736 opertis
1240 1653 1420 1714 odiis:
1442 1656 1461 1689 ⁵

1793 167 1859 214 A.
1883 164 1948 215 U.
1974 167 2033 216 c.
2055 171 2172 223 771.
2238 127 2266 175 '³‘

1016 288 1428 373 Commagenis
1472 292 1552 369 Q.
1580 291 1848 356 Servaeus
1889 296 2176 379 praeponi·
2232 278 2261 378 „22

330 2175 346 2199 ¹
371 2176 453 2225 Ad
495 2179 587 2240 jus
624 2177 847 2240 praetoris
910 2178 1173 2226 translatis.

264 2244 508 2292 Defuncto
543 2244 803 2303 Antiocho,
834 2245 1176 2310 Commageno-

262 2310 370 2360 'rum
394 2329 513 2376 rege,
528 2321 575 2359 et
591 2329 686 2376 pop
694 2312 782 2360 ulis
802 2312 1072 2360 Romanum
1088 2313 1175 2360 im-

261 2381 449 2443 perium
494 2379 815 2444 cupientibus,
857 2381 1177 2444 Commagene

262 2447 391 2495 facta
432 2457 502 2496 est
546 2447 744 2495 Caesaris
795 2448 1056 2511 provincia,
1121 2455 1196 2495 ut,

262 2515 448 2563 dictum
472 2530 618 2577 supra
647 2529 755 2577 cap.
779 2519 862 2562 42.
896 2515 976 2562 sed
1010 2515 1175 2579 postea

262 2582 312 2629 id
334 2590 594 2633 mutatum.
663 2582 811 2630 Caius
838 2582 963 2630 enim
988 2583 1180 2647 Cappa-

261 2650 416 2698 dociae
439 2665 634 2713 regnum
662 2649 922 2708 Antiocho,
943 2650 1173 2698 Antiochi

263 2717 379 2777 filio,
401 2717 622 2775 restituit,
647 2716 815 2764 deinde
850 2717 1056 2775 ademit3
1093 2717 1179 2766 ite·

263 2800 372 2832 rum
414 2784 623 2832 reddidit
660 2784 912 2832 Claudius.
982 2785 1177 2833 Penitus

264 2852 455 2899 tandem
479 2850 674 2900 sustulit
690 2852 1024 2915 Vespasianus.
1049 2851 1177 2900 Stra·

265 2919 345 2978 bo,
368 2934 483 2966 ΧΠ.
502 2936 550 2982 p.
566 2923 682 2974 749.
719 2919 833 2978 Dio,
855 2934 964 2967 ΠΧ.
987 2936 1036 2983 p.
1059 2916 1175 2968 645.

265 3001 351 3035 LX.
375 3003 426 3049 p.
448 2982 563 3040 670.
601 2986 734 3035 Suet.
759 2987 807 3032 in
829 2986 975 3049 Vesp.
999 3001 1122 3035 v111.

332 3050 648 3115 2Οιιηαίιᾳπιε
669 3053 878 3101 socialia.
915 3054 1034 3102 Haec
1059 3069 1174 3102 cum

262 3121 587 3185 superioribus
618 3121 971 3184 conjungenda.¹
1036 3120 1178 3169 Scili-

263 3198 357 3246 cet,
396 3205 467 3235 res
500 3188 866 3251 Cappadocum,
893 3188 1174 3251 Commage-

263 3271 453 3314 norum‚
477 3264 751 3319 cunctaque
773 3253 984 3313 socialia,
1017 3254 1067 3302 id
1091 3263 1175 3316 est,

263 3323 523 3380 sociorum,
544 3323 767 3386 prospere
789 3321 1068 3386 composita,
1082 3339 1176 3370 non

266 3389 374 3436 ideo
418 3388 584 3438 laetum
635 3390 980 3438 Germanicum
1035 3389 1179 3438 habe-

266 3458 398 3504 bant.

335 3519 356 3548 ³
381 3522 571 3587 Cyrrhi.
639 3493 854 3600 Cyrrhus
897 3525 1010 3580 urbs
1059 3509 1180 3588 Cyr-

269 3588 491 3638 rhestices
529 3591 809 3654 provinciae,
827 3606 934 3654 quae
956 3592 1182 3638 Comma

262 3672 394 3721 genae
419 3665 519 3707 erat
533 3655 842 3718 contermina,
860 3674 990 3709 nunc
1013 3658 1176 3724 appel-

1256 2178 1387 2225 latur
1409 2176 1589 2232 Quam.

1321 2243 1346 2272 ⁴
1372 2244 1442 2293 Ut
1466 2243 1626 2292 retuli.
1695 2243 1854 2308 Supra
1876 2259 1984 2308 cap.
2009 2247 2095 2293 55.

1324 2310 1342 2339 ⁵
1371 2311 1560 2376 Opertis
1595 2309 1730 2359 odiis.
1801 2311 2038 2360 Emendat
2063 2312 2175 2376 Lip-
2238 2318 2260 2359 ζ’

1254 2381 1353 2428 sius
1374 2378 1586 2442 apertis.-
1624 2380 1860 2442 approbat
1897 2379 2094 2428 Amelot
2117 2381 2176 2428 de
2247 2379 2260 2422 Ι

1258 2448 1306 2495 la
1329 2446 1580 2495 Houssaie.
1652 2445 1791 2493 Nihil
1827 2453 1986 2495 tamen
2019 2455 2177 2495 muta·
2248 2479 2256 2506 1

1508 2513 1559 2562 Si
1605 2512 1730 2560 enim
1773 2520 1939 2577 aperta
1981 2515 2177 2564 fuissent
2240 2507 2262 2569 ζ’)

1257 2582 1369 2629 odia
1405 2580 1634 2630 tribunali
1669 2580 1869 2629 Caesaris
1908 2595 2174 2645 numquam
2246 2587 2259 2643 ,f

1258 2532 1353 2562 verl
1359 2532 1424 2562 m

1258 2650 1510 2697 adstitisset
1554 2647 1680 2707 Piso,
1724 2663 1835 2695 eum
1890 2650 2065 2696 acerba
2105 2648 2176 2697 lo-

1259 2726 1483 2781 quentem
1517 2730 1612 2764 non
1653 2713 1896 2763 tolerasset
1923 2715 2174 2764 Germani·

1258 2801 1360 2833 cus.
1441 2784 1571 2832 Vere
1620 2783 1890 2831 Davanzati
1933 2798 2020 2830 con
2077 2784 2176 2832 odii

1258 2851 1565 2901 concentrati.
1633 2849 1759 2899 Vide
1779 2850 1928 2899 Misc.
1951 2849 2070 2900 Obs.
2090 2865 2175 2899 lx.
2235 2861 2245 2903 ὲ

1259 2924 1376 2975 387.

1322 2980 1346 3009 ⁶
1369 2986 1720 3034 Nabataeorum.
1790 2983 2025 3034 Arabiam
2069 2983 2174 3032 Na·
2235 2970 2268 3029 ἶ·

1229 3054 1476 3112 bataeam,
1520 3054 1702 3103 Arabia
1744 3051 1950 3114 Petraea,
1985 3051 2171 3101 habita-

1260 3122 1390 3168 bant.

2236 2767 2263 2855 f

2262 2945 2268 2980 ι

2240 3003 2268 3050 ‚j

1325 3183 1346 3213 ⁷
1387 3187 1578 3236 Coronae
1622 3203 1791 3236 aureae.
1871 3186 1952 3234 Ad
1997 3186 2173 3234 luxum
2260 3186 2268 3227 ¹·

1261 3255 1470 3304 Orientis
1491 3262 1722 3318 spectant,
1749 3253 1833 3303 ubi
1873 3262 2030 3301 tamen
2054 3254 2175 3316 regi-

1261 3324 1348 3370 bus
1370 3322 1556 3370 tantum
1591 3323 1639 3369 in
1663 3321 1891 3371 conviviis
1926 3321 2028 3368 dari
2055 3320 2174 3368 sole·

1259 3392 1390 3449 bant,
1414 3389 1490 3437 vel
1514 3389 1690 3453 quibus
1722 3389 1888 3453 regalis
1921 3388 2069 3435 honos
2090 3387 2174 3434 ha—
2238 3399 2239 3402 ’

1262 3457 1480 3513 bebatur.

1261 3524 1405 3582 Vero,
1430 3528 1477 3572 5.
1511 3521 1687 3574 Justin.
1713 3538 1880 3576 xvm.
1916 3525 1967 3574 2.
2009 3530 2057 3572 et
2078 3522 2172 3573 Po-

1260 3590 1363 3656 lyb.
1387 3607 1479 3641 xv.
1502 3595 1584 3641 31.

1564 3456 1642 3503 Cf.
1688 3456 1897 3520 Capitol.
1943 3455 1993 3502 in
2041 3453 2173 3502 AElio
2258 3454 2268 3507 J
