2268 3964
873 202 930 249 C.
965 200 1297 250 CORNELII
1331 199 1562 250 TACITI

260 212 359 265 294·
1817 206 1881 278 ᾼ.
1906 209 1966 257 U.
1991 211 2048 259 c.
2073 217 2191 266 781.

263 342 374 399 bus
403 330 819 416 efflagitabant:
852 335 894 367 ‘⁴
922 329 1142 391 visendi
1169 329 1257 390 sui
1285 329 1510 410 copiam
1538 329 1856 394 facerent.''
1941 339 2083 398 Non
2110 328 2193 400 illi

263 449 456 494 tamen
483 431 544 490 in
581 431 833 502 Urbem,
879 441 977 487 aut
1019 426 1344 507 propinqua
1381 427 1535 489 Urbi
1565 428 1817 510 degressi
1844 447 2014 493 sunt:
2059 436 2193 496 satis

262 529 474 602 visum,
502 525 765 586 omittere
792 525 1060 597 insulam,
1102 537 1160 584 et
1199 523 1260 585 in
1292 524 1562 604 proximo
1604 527 1935 606 Campaniae
1977 531 2186 609 aspici:

262 627 338 686 εὸ
353 623 562 685 ‘venire
589 635 799 703 patreS,
827 641 1025 700 eques,
1053 640 1264 702 magna
1290 640 1422 699 pars
1449 621 1652 700 plebis,
1680 623 1834 682 anxii
1861 645 1999 706 erga
2037 629 2191 708 Seja-
2259 674 2268 712 ³

261 725 450 794 num,¹
495 717 900 801 cujuS‘durior
926 737 1291 798 congressuS,
1333 732 1504 796 atque
1547 719 1619 778 eo
1659 741 1763 799 per
1790 722 2090 796 ambitum,
2133 737 2192 789 et
2252 711 2268 735 '¹'

263 817 532 880 societate
569 813 940 875 consiliorum
982 814 1305 892 parabatur.
1393 813 1538 874 Satis
1566 817 1858 878 constabat
1885 833 2110 879 auctam
2138 819 2190 880 ei

261 912 678 996 adrogantiam,
705 909 935 971 foedum
961 910 1114 970 illud·
1132 911 1195 971 in
1221 912 1526 991 propatulo
1554 913 1846 973 servitium
1874 916 2147 994 spectanti
2167 939 2188 978 ι
2264 925 2268 949 ²

263 1010 476 1093 quippe
494 1010 734 1082 -Romae,
762 1007 907 1068 sueti
930 1008 1263 1082 discursus;
1308 1022 1367 1068 et
1393 1009 1784 1091 magnitudine
1806 1012 1985 1073 Urbis
2005 1012 2189 1073 incer·

1613 1106 1696 1167 Ibi
1725 1128 1951 1186 camp0,
1981 1123 2077 1167 aut
2100 1109 2186 1169 lit-
2253 1136 2255 1138 ·

260 1122 410 1180 tum,
440 1106 598 1187 quod
626 1105 868 1186 quisque
889 1105 963 1165 ad
989 1105 1286 1186 negotium
1308 1120 1526 1187 pergat.

2258 593 2268 678 3

2254 747 2268 821 j

261 1218 388 1263 tore
403 1205 678 1284 jacenteS,
707 1201 871 1260 nullo
899 1200 1246 1274 discrimine,
1273 1216 1503 1261 noctem
1532 1223 1595 1262 ac
1626 1203 1800 1277 diem,
1822 1206 1991 1284 juxta
2017 1206 2187 1287 grati-

261 1321 380 1374 am,
407 1295 507 1360 aut
532 1296 710 1359 fastus
725 1298 1039 1379 janitorum
1060 1298 1558 1378 perpetiebantur:
1605 1300 1789 1360 donec
1831 1300 2006 1380 idque
2048 1301 2187 1361 veti-
2246 1343 2249 1370 z

261 1411 411 1470 tum,
439 1410 497 1456 et
517 1415 790 1455 revenere
816 1395 878 1455 in
916 1397 1146 1456 Urbem
1173 1397 1401 1477 trepidi,
1431 1418 1576 1478 quos
1597 1418 1716 1457 non
1737 1419 2024 1471 sermone,
2064 1419 2185 1463 non
2232 1443 2241 1456 .

263 1494 388 1555 visu
427 1493 693 1574 dignatus
730 1507 884 1553 erat:
933 1494 1168 1574 quidam
1206 1494 1357 1554 male
1399 1495 1634 1569 alacreS,
1678 1495 1886 1577 quibus
1924 1493 2186 1561 infaustae
2243 1530 2247 1535 ’

268 1590 534 1651 amicitiae*
560 1589 748 1672 gravis
775 1589 963 1653 exitus
989 1590 1338 1657 imminebat.

304 1786 443 1850 75.
490 1788 825 1866 Cernen—M
876 1786 1142 1847 Tiberius
1190 1802 1423 1868 neptem
1478 1787 1909 1870 Agrippinam-,²
1938 1789 2183 1852 Germa.

256 1882 392 1943 nico
431 1894 640 1957 ortam,
682 1885 827 1944 cum
865 1905 1066 1947 coram
1101 1887 1214 1948 Cn.
1232 1885 1504 1947 Domitio
1546 1884 1886 1958 tradidisset,
1925 1884 1986 1944 in
2013 1885 2182 1948 Urbe

261 2138 500 2203 ponendas
544 2153 798 2185 censuere..
858 2137 1011 2194 Quasi
1058 2139 1170 2187 vero

253 2200 482 2252 Tiberius
524 2221 581 2252 ac
608 2198 828 2268 Sejanus
864 2221 911 2251 se
958 2205 1180 2254 hostibus*

1266 2138 1469 2204 quisque
1491 2139 1553 2187 ad
1576 2137 1818 2201 negotium
1843 2140 2066 2200 pergeret.
2106 2133 2179 2184 Ibi
2235 2176 2239 2203 3

1266 2206 1375 2254 vero
1401 2206 1613 2269 jacentes
1651 2220 1840 2267 campo,
1875 2213 1961 2251 aut
2004 2203 2179 2262 littore,
2236 2243 2239 2245 ,

259 2273 527 2330 clementes,
583 2273 811 2321 Romanis
853 2274 1034 2321 amicos
1079 2273 1173 2322 hac

256 2340 546 2395 damnorum
624 2340 997 2405 dissimulatione
1066 2358 1174 2404 pro-

259 2403 644 2454 base-e1it.}lac
667 2423 860 2470 quoque
883 2406 967 2454 ara
1001 2417 1173 2456 mutua

257 2474 438 2520 Tiberii
473 2489 532 2521 ac
568 2475 730 2537 Sejani
766 2473 980 2523 amicitia
1012 2492 1175 2554 eonse-

261 2543 502 2593 crabatur,

329 2677 531 2727 ¹Anoeiz‘
550 2693 665 2742 eiga
690 2676 928 2741 quanum.
999 2678 1072 2725 Εό
1096 2695 1173 2725 ve-

257 2745 358 2792 nire
404 2755 576 2813 patres,
601 2746 813 2807 equites,
850 2761 1022 2827 magna
1064 2761 1171 2808 pars

259 2812 428 2875 plebis,
451 2826 610 2858 omnes
636 2812 693 2858 de
722 2813 898 2874 Sejani,
923 2812 1171 2876 quamsi

260 2880 376 2926 berii
426 2879 674 2942 Ptineipis‚
724 2895 829 2925 con«
820 2896 939 2941 gress
946 2897 974 2926 u
1024 2880 1169 2941 magis

260 2947 411 2993 anxii.
472 2946 868 2993 Difficiliorenim
891 2955 993 2999 eiat
1010 2947 1168 2993 aditus

244 3029 318 3059 -ac
358 3014 543 3063 durior:
588 3014 788 3074 ideoque
835 3014 906 3060 vel
951 3030 1034 3076 per
1072 3030 1171 3059 am·-

259 3080 432 3139 bstum,
476 3081 701 3142 pecunias
740 3081 1026 3142 elai-giendo,
1078 3097 1169 3127 ser.-

259 3164 339 3193 vos
379 3149 633 3210 captando,
663 3148 888 3209 dignitate
925 3158 970 3197 et
1005 3148 1173 3201 nobili,-

240 3222 354 3261 atate
372 3215 597 3270 cedendo,
613 3214 685 3260 vel
703 3231 785 3276 per
806 3215 978 3272 scelus,
1002 3231 1170 3262 eruen-

257 3291 416 3328 torum
445 3283 828 3343 uefariorumque
859 3282 1166 3336 consiliorum

242 3349 482 3395 societate
503 3351 775 3410 parabatur.
831 3349 1169 3412 Spectantibus

256 3415 432 3461 foedum
449 3415 570 3480 illud
587 3420 632 3461 in
648 3416 901 3478 propatulo
910 3418 1168 3472 servitium,
1192 3426 1195 3429 '

255 3481 364 3528 satis
390 3484 638 3529 conszabat
660 3493 853 3529 auctam
876 3500 971 3529 esse
996 3484 1168 3544 Sejano

253 3550 588 3611 arrogantiam.
660 3550 809 3595 Erant
843 3551 966 3596 enim
1005 3551 1166 3596 Romae

252 3616 374 3662 sueti
420 3619 673 3675 discursus,
711 3626 758 3662 et
791 3626 982 3679 propter
1025 3617 1165 3664 Urbis

251 3683 627 3746 magnitudinem
705 3685 956 3742 incertum,
1031 3683 1162 3747 quod

1265 2274 1403 2326 nullo
1425 2273 1709 2321 conditionis
1732 2286 1790 2318 ac
1822 2270 2064 2334 dignitatis
2089 2270 2182 2316 dis
2236 2278 2268 2313 ,⁴

1266 2342 1481 2399 crimine,
1524 2349 1710 2388 noctem
1752 2355 1809 2385 ac
1854 2339 1996 2394 diem,
2029 2338 2179 2399 juxta
2263 2362 2268 2387 ι

1265 2410 1482 2472 gratiam,
1508 2418 1594 2455 aut
1615 2407 1762 2455 fastus
1777 2404 2047 2467 Janitorum
2073 2421 2178 2468 per·
2265 2400 2268 2407 ’

1671 2476 1840 2522 Donec
1883 2472 1931 2519 id
1984 2487 2109 2535 quoq
2119 2489 2178 2520 ue

1264 2545 1463 2590 vetitum
1477 2556 1560 2590 est.
1599 2543 1663 2589 Et
1685 2555 1905 2589 revenere
1928 2539 1976 2586 in
1992 2539 2174 2586 Urbem
2240 2545 2268 2602 J:

1266 2612 1454 2673 trepidi,
1509 2626 1627 2673 quos
1670 2624 1762 2655 non
1810 2622 2037 2664 sermone,
2079 2621 2174 2655 non
2264 2612 2268 2614 ’

1265 2678 1367 2725 visu
1391 2679 1612 2740 dignatus
1637 2685 1738 2724 erat
1766 2675 1982 2736 Sejanus.
2052 2673 2175 2730 Qui-

1265 2746 1375 2792 dam
1399 2745 1509 2798 vero
1544 2745 1668 2793 male
1694 2744 1895 2794 alacres:
1933 2741 2026 2794 illis
2046 2741 2172 2795 enim

1263 2812 1480 2859 infaustae
1501 2811 1724 2859 amicitiae
1746 2810 1895 2872 gravis
1912 2809 2071 2855 exitus
2089 2808 2178 2854 im·
2231 2807 2254 2857 «ἵ

1265 2477 1579 2538 petiebantur.

1262 2881 1490 2926 minebat.
1581 2877 1838 2935 Amicitiae,
1917 2875 2176 2923 sceleribus

1260 2948 1404 3003 nixae,
1429 2961 1628 3008 propera
1648 2954 1717 2992 est
1750 2959 1906 3007 poena.

1327 3010 1348 3032 ²
1383 3014 1585 3076 Neptem
1631 3010 1958 3075 Agrippinam.

1263 3090 1372 3138 tem,
1409 3096 1503 3127 non
1540 3096 1604 3136 re,
1633 3081 1713 3126 sed
1747 3077 2015 3140 adoptionis
2043 3077 2171 3139 jure.

1263 3148 1389 3194 Vide
1426 3157 1560 3201 stem.
1596 3148 1717 3194 Caes.
1758 3161 1804 3191 n.
1847 3149 1929 3201 93.
1998 3143 2172 3206 Agrip·

1262 3215 1422 3277 pinam
1471 3213 1691 3261 Tiberius
1734 3213 1831 3276 ipse
1873 3227 1930 3258 ac
1972 3225 2169 3273 praesens

1262 3283 1351 3329 Cn.
1378 3281 1594 3334 Domitio
1617 3295 1814 3333 uxorem
1838 3277 2057 3334 tradidit3
2088 3278 2168 3324 sed

1260 3348 1307 3394 in
1351 3349 1481 3400 Urbe
1520 3347 1747 3400 celebrari
1790 3345 1980 3409 nuptias
2008 3345 2168 3408 jussit.

1262 3416 1317 3461 In
1358 3416 1644 3462 editionibus
1688 3413 1925 3460 veteribus
1967 3411 2168 3473 aliisque

1258 3483 1451 3544 optirnae
1507 3493 1629 3534 notae
1681 3478 1908 3528 celebrari
1964 3477 2167 3540 nuptia-5.

1257 3550 1511 3611 Perperam
1555 3549 1603 3597 in
1644 3547 1932 3610 quibusdam
1971 3544 2169 3599 recenti·-

1256 3617 1419 3665 oribus
1442 3615 1689 3668 celebrare.

2044 3009 2175 3074 Nep·
2235 3010 2268 3073 ’ἐ
