2268 3964
893 194 954 243 C.
988 191 1319 243 CORNELII
1353 192 1585 246 TACITt
1837 195 1900 242 A.
1922 195 1986 243 U.
2009 196 2066 244 C.
2089 194 2206 251 786.

281 201 383 246 334·

284 344 462 407 quem
505 335 755 407 egestate
800 320 911 384 cibi
963 337 1288 403 peremtum
1333 321 1489 380 haud
1517 320 1790 398 dubium3
1839 339 2062 404 sponte,
2103 326 2195 385 vel

282 420 636 495 necessitate,
694 419 978 480 incertum
1048 420 1384 478 habebatur.
1489 420 1919 500 Consultusque
1979 424 2201 495 Caesar,

284 526 330 555 ‘⁶
357 539 432 578 an
474 517 699 597 sepeliri
719 531 725 540 ’
749 516 1022 590 sineret,''
1066 536 1185 574 non
1233 515 1462 574 erubuit
1513 515 1882 594 permittere‚¹
1927 517 2199 599 ultroque

281 614 544 674 incusare
585 619 629 647 ‘⁶
674 633 857 685 casu8‚
901 612 1001 691 qui
1046 632 1211 670 reum
1254 610 1614 670 abstulissent
1663 612 1972 692 antequam
2000 635 2197 672 coram

283 718 329 747 ‘⁶
356 702 792 770 convinceretur
812 710 874 767 :''
919 708 1131 767 scilicet
1158 708 1350 766 medio
1378 707 1653 767 triennio²
1695 699 1954 768 defuerat
1970 724 2198 789 tempus

274 805 567 869 vsubeundi
588 804 871 886 judicium
915 805 1201 864 consulari
1235 805 1377 878 seni,
1420 818 1504 863 tot
1544 805 1930 864 consularium
1957 806 2193 884 parenti.

283 905 545 964 Drusus³
591 901 799 960 deinde
829 901 1206 982 extinguitur,
1249 902 1391 960 cum
1420 921 1480 959 se
1529 899 1861 960 miserandis
1901 902 2199 976 alimentiS,

276 998 611 1059 ,mandendo
648 996 682 1056 ὲ
720 996 894 1056 cubili
921 1000 1228 1070 toment0,4
1268 1017 1490 1055 nonum
1535 997 1606 1054 ad
1652 996 1804 1055 diem
1850 997 2194 1059 detinuisset.

280 1093 599 1155 Tradidere
627 1093 883 1173 quidam,
913 1094 1314 1173 praescriptum
1342 1092 1515 1153 fuisse
1544 1094 1830 1167 Macroni,
1872 1096 1918 1154 si
1945 1116 2103 1155 arma
2124 1099 2194 1157 ab
2261 1165 2268 1173 k

278 1194 486 1275 Sejano
521 1204 896 1265 tentarentur,
939 1179 1264 1252 extractum
1313 1190 1572 1252 custodia
1611 1194 1883 1272 juvenem
1929 1194 2098 1272 (nam
2135 1190 2193 1251 in

282 1289 491 1371 palatio
508 1290 528 1324 ⁵
569 1287 938 1364 attinebatur)
982 1290 1191 1348 ducem
1233 1290 1450 1369 populo
1482 1289 1811 1368 imponere:
1833 1285 1855 1315 ⁶
1897 1309 2038 1347 mox
2066 1289 2199 1368 quia

283 1405 487 1445 rumor
511 1384 828 1457 incedebat,
871 1390 915 1418 “
942 1382 1090 1457 fore,
1133 1400 1197 1444 ut
1225 1385 1397 1444 nurui
1429 1406 1494 1444 ac
1530 1384 1722 1464 nepoti
1739 1388 1759 1421 ⁷
1801 1384 2198 1444 conciliaretur

283 1487 327 1518 ‘⁶
357 1481 619 1555 Caesar,'’
643 1479 934 1554 saevitiam,
978 1479 1156 1562 quam
1187 1480 1580 1561 poenitentiam
1608 1479 1826 1542 maluit.
1963 1468 1969 1479 ⁴

364 1685 464 1735 24«.
510 1667 694 1756 Qum
724 1690 781 1736 et
806 1675 1064 1737 invectus
1096 1677 1157 1736 in
1200 1675 1561 1750 defunctum,
1605 1683 1654 1712 “·
1675 1679 1891 1757 probra
1919 1675 2198 1757 corporiS,
2266 1680 2268 1684 ⁴

280 1777 324 1807 “
352 1772 697 1833 exitiabilem
724 1772 783 1832 in
811 1770 989 1848 suos,⁸
1030 1772 1318 1834 infensum
1345 1773 1673 1854 reipublicae
1701 1775 1998 1833 animum’'
2044 1777 2197 1856 obje-
2259 1777 2263 1780 ⁴

279 1867 392 1928 cit:
437 1874 482 1904 ‘⁶
509 1868 846 1949 recitarique
873 1868 1159 1930 factorum
1187 1871 1588 1950 dictorumque
1615 1868 1737 1951 ejus
1774 1870 2053 1951 descripta
2093 1867 2199 1951 per
2266 1882 2268 1915 ³

280 1972 327 2000 ‘⁶'
351 1964 515 2025 dies”
537 1966 739 2047 jussit:
784 1987 1049 2047 quonon
1085 1966 1239 2026 aliud
1277 1967 1523 2027 atrocius
1550 1968 1771 2027 visum:
1818 1967 2093 2028 adstitisse
2111 1978 2200 2028 tot

276 2083 383 2142 per
418 2052 620 2137 annm,
665 2062 764 2143 qui
804 2063 1053 2136 vultum,
1095 2062 1358 2145 gemituS‚
1406 2065 1701 2123 occultum
1735 2062 1902 2122 etiam
1930 2083 2200 2127 murmur

277 2157 631 2239 exciperent,
679 2174 735 2221 et
782 2160 1034 2240 potuisse
1076 2181 1248 2221 avum
1289 2161 1507 2236 audire,
1550 2161 1763 2243 legere,
1803 2160 1863 2220 in
1899 2161 2200 2241 publicum,

347 2378 364 2402 ¹
389 2381 504 2430 Non
525 2383 708 2431 erubuit
720 2383 1009 2448 permittere.
1036 2384 1193 2433 Pudet
1282 2385 1398 2434 olbis
1419 2384 1716 2448 mollibusque
1734 2399 1822 2447 pro
1842 2390 2040 2431 {omento
2059 2389 2197 2431 utun-

280 2448 552 2513 Principem
577 2467 633 2497 ea
659 2451 944 2516 permittere,
971 2469 1080 2515 quae
1113 2470 1193 2500 na-

278 2528 386 2562 tura
417 2517 596 2581 jusque
639 2520 850 2581 gentium
890 2521 1192 2583 permittunt.

279 2582 400 2650 Haee
423 2585 693 2632 enimorari
717 2587 882 2649 pudet.

343 2645 367 2668 ²
391 2649 556 2698 Medio
577 2653 795 2726 triennio!
831 2657 894 2700 A.
913 2653 974 2700 U.
994 2654 1050 2701 C.
1077 2659 1191 2707 783.

277 2731 375 2764 uno
396 2728 445 2767 et
464 2719 627 2765 eodem
660 2719 761 2783 ipso
778 2720 864 2768 ‘die
877 2721 1055 2768 'riberii
1080 2738 1194 2768 eon-

275 2785 400 2842 viva,
441 2794 487 2833 et
533 2785 563 2832 ὲ
600 2796 764 2834 senatu
804 2788 1057 2834 damnatus
1103 2789 1194 2836 fuit

275 2851 474 2899 Asinius
489 2852 681 2912 Gallus,
705 2854 819 2913 Dio,
837 2869 994 2902 LVIII.
1010 2871 1061 2918 p.
1076 2853 1191 2904 622.

278 2917 383 2966 Nos
404 2917 452 2965 in
476 2915 648 2984 Suppl.
672 2921 767 2969 loc.
792 2923 876 2969 cit.
1164 2934 1166 2936 ’

342 2978 366 3010 ³
383 2985 591 3053 Drusus.
611 2987 886 3035 Germanici
907 2989 1051 3037 filius.
1066 2991 1193 3038 Vide

275 3058 411 3100 stem.
435 3055 555 3102 Caes.
578 3070 626 3103 n.
651 3060 731 3104 83.
771 3056 1032 3113 Quomodo
1065 3058 1197 3106 Dru-

275 3135 355 3166 sus
377 3121 424 3167 in
450 3120 632 3184 palatio
661 3123 856 3171 clausus
892 3123 1052 3183 fuerit,
1088 3142 1195 3173 nar-

274 3186 485 3299 Zvimus
512 3187 564 3237 in
602 3189 775 3254 Suppl.
798 3194 926 3238 Ann.
960 3206 1010 3240 v.
1050 3198 1108 3240 13
1146 3204 1194 3240 et

338 3317 366 3346 ⁴
408 3320 681 3372 Mandendo
721 3323 747 3371 ὲ
793 3325 935 3373 cubili
975 3333 1192 3393 tomefflo.

274 3385 564 3437 Tomentum
610 3391 733 3438 illud
775 3407 869 3439 non
913 3392 1040 3452 lana,
1086 3395 1196 3458 plu-

273 3468 430 3511 mave,
477 3455 587 3515 fuit,
632 3459 712 3505 sed
753 3459 1058 3522 gnaphalion,
1095 3477 1192 3523 quo

272 3521 596 3586 inferciuntur
661 3524 872 3590 eulcitae.
991 3528 1193 3586 Plinius,

272 3602 454 3636 xxvn.
482 3594 559 3637 10.
585 3592 713 3640 Sect.
734 3588 818 3640 61.
875 3594 1190 3657 Θηαρῆαῖὶοη,

273 3655 360 3708 alii
377 3655 687 3710 chamaezelon
706 3674 846 3710 vocate
854 3667 889 3720 t,
912 3662 1191 3727 cuju-§foliis

1282 2462 1378 2502 tur.
1449 2452 1573 2500 San&
1594 2460 1639 2499 et
1662 2451 1832 2500 similia
1854 2458 1980 2498 sunt.

1350 2518 1367 2546 ⁵
1389 2520 1451 2568 In
1467 2519 1663 2583 palatio.
1689 2519 1868 2577 Romae,
1883 2518 1927 2564 in
1949 2516 2041 2566 ime?
2054 2526 2195 2581 parte

1285 2587 1480 2645 Palatii,
1522 2586 1827 2634 attinebatur.
1911 2586 2106 2633 Sueton.
2145 2587 2196 2633 in

1280 2656 1437 2701 Tiber.
1467 2670 1575 2702 LIV.

1348 2716 1368 2742 ⁶
1405 2722 1584 2769 Ducem
1600 2722 1772 2784 populo
1790 2712 2031 2784 imponere.
2069 2719 2196 2767 Vide

1283 2788 1456 2853 Suppl.
1479 2791 1604 2835 Ann.
1628 2805 1677 2836 v.
1701 2789 1784 2836 34ss

1347 2853 1367 2881 ⁷
1406 2857 1570 2904 Nurui
1605 2872 1659 2906 ac
1694 2855 1865 2919 nepoti.
1922 2853 2044 2900 Mox
2078 2853 2196 2916 quia

1281 2923 1451 2979 rumor,
1486 2923 1752 2981 incedebat,
1810 2923 1909 2969 fore
1950 2931 2006 2968 ut
2049 2920 2193 2967 nurui
2243 2926 2265 2974 4.ss

1280 3007 1377 3037 suae
1401 2991 1678 3055 Agrippinae
1696 3006 1752 3037 ac
1778 2989 1937 3052 nepoti
1958 2996 2046 3036 suo
2066 2988 2198 3035 Dru-
2250 2998 2264 3047 ;

1279 3074 1329 3104 so
1368 3058 1723 3115 conciliaretur,
1760 3056 2002 3113 saevitiam,
2046 3055 2194 3118 quam
2248 3075 2261 3106 ,ι

1942 3123 2198 3170 Crudelior
2250 3135 2264 3171 τ’

1280 3126 1603 3188 poenitentiam
1662 3124 1851 3175 maluit.

1280 3193 1451 3249 factus,
1473 3208 1532 3239 ne
1552 3192 1716 3239 mitior
1736 3192 2004 3238 haberetur.

1348 3255 1368 3282 ⁸
1405 3259 1704 3335 Eneeabilem
1743 3259 1792 3306 in
1832 3274 1952 3306 suos.
2007 3255 2203 3319 objicit.

1280 3327 1454 3393 probra
1476 3327 1702 3390 corporis,
1725 3326 1774 3373 id
1796 3334 1880 3383 est,
1899 3323 2194 3388 impudiciti-
2240 3320 2259 3358 43<

1279 3411 1373 3452 am,
1391 3403 1438 3442 et
1456 3394 1669 3443 animum
1693 3394 1741 3443 in
1759 3390 1866 3439 suos
1880 3392 2190 3440 exitiabilem.
2240 3394 2256 3452 ξ

1283 3462 1471 3509 Drusus
1487 3462 1621 3511 ,enim
1648 3460 1806 3523 Sejani
1836 3477 1892 3507 ac
1920 3459 2065 3506 Liviae
2088 3473 2196 3521 par·
2218 3483 2219 3486 =
2240 3458 2252 3491 »⁵

2241 3501 2253 3530 'ss

1279 3538 1346 3575 tes
1375 3529 1598 3577 adversus
1634 3528 1999 3575 fratrem.suum
2045 3527 2197 3572 Nero·
2242 3543 2257 3582 -g

1279 3611 1386 3660 nem
1409 3605 1509 3642 erat
1532 3595 1779 3657 ingressus,
1815 3605 1871 3644 ut
1893 3593 2099 3642 vidimus
2118 3608 2197 3644 suff
2242 3597 2249 3654 f

1271 3658 1368 3727 ἷκε.
1389 3662 1566 3741 Annal.
1592 3677 1664 3709 1v.
1690 3658 1781 3709 60...
