2268 3964
127 194 171 245 Ι.
193 193 252 243 C.
274 189 360 241 22.
609 180 994 237 ANNALIUM
1031 178 1242 230 LIBER
1266 180 1580 234 TERTIUS.
1955 191 2060 244 207

119 330 167 361 ιι
194 335 260 383 ut
303 337 384 379 ne
428 313 660 399 juvenis
723 310 985 395 quidem,
1054 324 1215 372 tanto
1261 309 1490 372 honore
1542 328 1805 396 accepto,
1873 315 2061 380 adiret

119 426 166 457 ‘⁴
195 415 378 478 Urbis
407 414 594 486 Deos,
637 410 1042 494 ingrederetur
1076 421 1363 482 senatum,
1407 409 1658 489 auspicia
1687 412 1890 474 saltem
1918 437 2064 499 gen·
2117 403 2119 405 ¹

66 566 84 576 ,
118 522 164 553 “
191 514 291 574 tile
333 511 489 593 apud
534 509 727 570 solum
762 504 1080 588 inciperet?
1124 504 1360 566 Bellum
1404 504 1640 581 scilicet,
1685 524 1787 570 aut
1823 512 2062 576 diverso

117 618 165 648 “
192 625 480 671 terrarum
507 605 784 679 distineri,
802 604 994 664 littora
1020 617 1077 667 et
1105 602 1264 662 lacus
1282 603 1620 684 Campaniae
1644 606 1790 667 cum
1807 609 2063 670 maxime

120 714 163 744 “
192 719 631 788 peragrantem:
676 702 757 770 sic
805 700 989 761 imbui
1041 714 1332 761 rectorem
1381 702 1612 784 generis
1662 703 1940 766 humani:
2001 708 2065 768 id

120 812 166 842 ‘⁶
193 804 450 886 primum
497 801 531 862 ὲ
580 799 830 883 paternis
886 798 1136 860 consiliis
1193 799 1453 860 discere:
1519 799 1659 860 sanc
1724 818 2068 883 gravaretur

122 908 167 938 ‘⁴
194 915 491 983 aspectum
519 899 730 960 civium
758 918 940 959 senex
968 897 1317 978 Imperator,
1355 898 1684 978 fessamque
1711 911 1964 974 aetatem,
2007 915 2068 961 et

123 1005 168 1044 ‘·‘
195 1012 354 1059 actos
380 998 605 1059 labores
631 997 1061 1079 praetenderet:
1106 995 1308 1056 Druso
1325 994 1510 1075 quod,
1539 994 1647 1054 nisi
1675 1016 1752 1055 ex
1780 995 2066 1081 adrogan-

123 1102 167 1134 «ι
197 1094 296 1171 fia,
322 1094 810 1178 impedimentum
829 1092 898 1155 ?”

208 1285 311 1338 60.
355 1278 486 1338 SED
501 1274 794 1350 Tiberius,
814 1272 935 1334 vim
962 1271 1320 1356 principatus
1347 1272 1454 1335 sibi
1475 1274 1737 1348 firmans,
1754 1273 2069 1357 imaginem

121 1375 469 1455 antiquitatis
495 1373 716 1435 senatui
740 1373 1060 1454 praebebat,
1088 1371 1374 1454 postulata
1401 1371 1833 1452 provinciarum
1860 1374 1934 1432 ad
1956 1372 2070 1432 dis-

123 1471 491 1553 quisitionem
528 1486 760 1552 patrum
803 1469 1104 1531 mittendo.
1193 1471 1614 1532 Crebrescebat
1640 1469 1796 1531 enim
1825 1471 2070 1531 Graecas

124 1589 231 1650 per
259 1570 432 1630 urbes
460 1568 687 1630 licentia
712 1583 886 1650 atque
934 1566 1246 1649 impunitas
1296 1567 1453 1648 asyla
1494 1567 1799 1628 statuendi.
1888 1569 2068 1629 Com-

123 1666 432 1747 plebantur
486 1667 703 1747 templa
755 1666 1016 1747 pessimis
1069 1664 1474 1727 servitiorum:
1543 1667 1754 1728 eodem
1808 1665 2067 1726 subsidio

122 1761 363 1823 obaerati
386 1763 707 1828 adversum
753 1764 1091 1838 creditores,
1130 1763 1497 1845 suspectique
1524 1763 1851 1843 capitalium
1879 1762 2070 1823 crimi-

123 1877 270 1920 num
304 1862 766 1941 receptabantur.
849 1863 981 1923 Nec
1021 1862 1209 1923 ullum
1258 1861 1392 1922 satis
1447 1860 1705 1921 validum
1752 1860 2068 1940 imperium

121 1970 247 2016 erat
294 1959 630 2020 coercendis
673 1959 1047 2021 seditionibus
1093 1958 1317 2041 populi,
1364 1957 1576 2041 flagitia
1615 1957 1945 2031 hominum,
2001 1971 2068 2018 ut

123 2051 483 2115 caerimonias
508 2054 738 2131 Deum,
772 2056 1146 2140 protegentis.
1233 2055 1419 2139 Igitur
1462 2054 1760 2138 placitum,
1789 2068 1859 2140 ut
1883 2054 2071 2115 mitte-

125 2163 256 2211 rent
296 2149 550 2214 civitates
578 2156 738 2236 jura,
773 2169 947 2237 atque
977 2154 1214 2238 legatos.
1301 2154 1379 2214 Et
1408 2154 1700 2234 quaedam,
1729 2152 1889 2234 quod
1917 2149 2069 2212 falsi)

126 2263 563 2329 usurpaverant,
604 2265 811 2332 sponte
838 2251 1121 2313 omisere:
1168 2251 1369 2313 multae
1397 2250 1633 2311 vetustis
1659 2248 2072 2331 superstitioni-

123 2346 259 2420 bus,
283 2361 385 2407 aut
410 2346 628 2409 meritis
658 2349 721 2408 in
755 2349 1046 2431 populum
1078 2348 1420 2410 Romanum
1463 2349 1739 2408 fidebant.
1824 2347 2070 2429 Magna-

126 2462 246 2525 que
272 2444 396 2527 ejus
424 2444 535 2506 diei
583 2445 801 2528 species
847 2446 978 2524 fuit,
1023 2469 1144 2530 quo
1177 2461 1408 2510 senatus
1436 2447 1725 2528 majorum
1761 2442 2066 2516 beneficia,

124 2539 420 2602 sociorum
460 2558 646 2623 pacta,
682 2565 894 2627 regum
930 2544 1126 2622 etiam,
1171 2547 1272 2628 qui
1301 2559 1432 2606 ante
1461 2543 1581 2606 vim
1612 2541 1946 2603 Romanam
1973 2560 2068 2601 va-

125 2636 376 2713 inerant,
434 2638 686 2716 decreta,
743 2643 1122 2726 ipsorumque
1169 2643 1480 2703 numinum
1535 2639 1843 2722 religiones
1890 2639 2068 2699 intro-

88 2815 89 2818 *
125 2734 354 2816 spexit:
400 2734 607 2814 libero,
635 2753 700 2800 ut
729 2739 1070 2820 quondam,¹
1116 2740 1258 2822 quid
1286 2740 1544 2801 firmaret
1574 2750 1913 2808 mutaretve.

210 2920 314 2976 61.
381 2915 589 2980 Pium
668 2921 934 2981 omnium
1003 2920 1280 3003 Ephesii²
1363 2920 1578 2994 adiere,
1638 2930 2063 2978 memorantes:

127 3118 338 3172 maxime
358 3133 590 3191 peragrat.
660 3126 742 3177 Sic
782 3129 936 3177 imbui
973 3129 1049 3177 su·
1141 3136 1198 3177 ut
1245 3129 1508 3194 quondam,
1553 3125 1759 3175 liborum
1799 3124 1908 3184 suit,
1946 3125 2068 3189 quid

130 3202 292 3239 turum
330 3196 510 3256 generis
551 3196 749 3243 humani
799 3209 1045 3245 rectorem.
1142 3196 1369 3254 flnnarot,
1409 3204 1692 3243 mutarotve.
1786 3194 1863 3240 De
1908 3193 2072 3257 Asylis·

129 3257 186 3306 ld
212 3259 419 3321 primum
434 3272 482 3310 et
502 3257 909 3327 paternisTiberii
931 3278 1046 3312 con·
1142 3265 1326 3327 optima
1352 3264 1495 3310 babet
1519 3263 1720 3310 Grotius
1739 3261 1848 3309 Jur.
1868 3261 1990 3308 Bell.
2009 3277 2067 3309 nc

91 3327 93 3331 '
126 3324 248 3375 siliis
272 3325 471 3377 discere.
521 3330 646 3378 Sani·
668 3344 947 3394 gravaretur
964 3332 1049 3378 ad·
1144 3347 1252 3395 pac.
1298 3346 1358 3380 11.
1406 3337 1488 3379 21.
1562 3332 1636 3377 De
1670 3344 1835 3376 eorum
1872 3328 2070 3392 origine,

59 3414 91 3459 ,ᾖ
127 3403 345 3507 ἶφι-Μυκη
378 3396 563 3444 civium
600 3413 741 3445 scm-x
772 3399 1047 3462 imperator,
1147 3399 1286 3446 variis
1316 3399 1583 3461 gom-ribus,
1615 3405 1662 3443 vt
1705 3396 1924 3453 urbibus,
1959 3411 2069 3459 quae

148 3476 396 3526 cssamque
417 3473 604 3512 aetntem
637 3475 685 3513 et
706 3475 838 3514 actos
863 3466 1048 3516 labores
1147 3473 1303 3513 ΙΕΡΑΙ
1348 3472 1454 3512 ΚΑΙ
1498 3468 1721 3511 ΛΣΥΛΟΙ
1766 3463 2069 3519 dicebantur,

128 3530 455 3591 pertenderet.
526 3533 672 3590 Quod
701 3533 810 3580 ven)
851 3534 1050 3598 impedi·-
1147 3535 1253 3580 vide
1294 3532 1680 3598 spanhemium,
1720 3530 1780 3578 de
1823 3539 1980 3595 praest.
2024 3542 2072 3578 et

96 3660 102 3667 ι
130 3605 343 3643 mentum
364 3596 542 3659 DrusO,
557 3599 720 3647 nisiex
740 3599 1051 3666 adrogantia?
1147 3616 1239 3648 usu
1262 3602 1489 3648 numism.
1515 3598 1608 3645 κοί.
1631 3613 1665 3645 1.
1687 3593 1860 3662 p.·659
1882 3607 1929 3645 et
1950 3615 2049 3662 seq.

1218 3662 1240 3687 ²
1282 3666 1486 3731 Ephesii.
1561 3667 1614 3713 ln
1662 3665 1800 3712 lunia
1836 3664 2072 3729 Ephesus,

201 3726 216 3751 ⁸
246 3729 430 3792 Libero,
467 3739 520 3782 ut
562 3735 806 3798 quondam.
878 3736 1051 3801 Eique,
1154 3734 1327 3783 Diana.-
1353 3733 1608 3799 Ephesinae
1643 3732 1822 3796 templo
1845 3747 1906 3779 nc
1929 3733 2067 3782 cultu
