2268 3964
130 214 180 265 J.
202 213 262 262 C.
287 206 366 259 16.
584 198 967 253 ANNALIUM
1005 198 1210 249 LIBER
1245 201 1627 252 SECUNDUS.
1973 200 2068 262 109

212 348 315 399 35.
362 337 493 396 RES
539 355 615 395 eo
660 353 815 395 anno
854 331 1105 412 prolatas
1127 331 1143 357 ¹
1194 329 1354 390 haud
1400 328 1704 406 referrem,
1728 330 1791 397 ni
1816 332 2068 414 pretium

129 434 303 508 foret,
330 434 446 495 Cn.
474 430 742 505 PisoniS‚²
767 444 828 492 et
851 427 1040 490 Asinii
1063 425 1229 489 Gaui
1253 447 1431 507 super
1457 449 1528 488 eo
1554 429 1790 511 negotio
1813 430 2072 498 diversae

127 530 433 592 sententias
458 549 717 590 noscere.
801 527 958 600 Piso,
1003 532 1048 562 “
1077 545 1432 607 quamquam
1474 517 1815 587 abfuturum
1848 550 1912 590 se
1935 529 2069 592 dix..

128 635 173 664 “
202 642 324 688 erat
353 629 574 700 Caesar,
601 628 679 686 ob
706 624 768 684 id
808 623 992 706 magis
1033 623 1327 705 agendas”
1359 622 1647 695 censebat,
1675 629 1719 658 “
1748 638 1806 684 et
1831 627 2069 687 absente

128 732 172 762 “
193 724 487 805 Principe,
533 736 798 784 senatum
824 734 883 781 et
929 719 1151 800 equites
1198 740 1366 799 posse
1393 739 1498 780 sua
1544 717 1740 780 munia
1786 721 2069 785 sustinere

128 829 172 858 “
201 822 484 883 decorum
509 816 841 899 reipublicae
873 813 1068 876 fore.''
1154 815 1389 888 Galim,
1426 814 1562 897 quia
1602 816 1855 896 speciem
1896 818 2070 883 liber..

128 919 256 980 tatis
281 918 413 979 Piso
441 929 815 998 praeceperat,
866 920 910 949 ‘⁶
936 913 1080 973 nihil
1107 912 1240 973 satis
1266 912 1529 987 inlustre,
1560 928 1660 973 aut
1687 934 1764 974 ex
1787 914 2069 998 dignitate

127 1023 171 1051 “
200 1014 400 1096 populi
430 1013 704 1085 Romani,
739 1010 847 1072 nisi
886 1031 1086 1073 coram
1113 1026 1171 1071 et
1197 1013 1305 1071 sub
1332 1010 1517 1070 oculis
1545 1012 1828 1073 Caesaris:
1874 1035 2069 1096 eoque

126 1119 172 1148 “
199 1125 553 1172 conventum
579 1109 757 1171 Italiae
783 1123 842 1169 et
865 1107 1186 1173 adfluentes
1213 1108 1557 1189 provincias,
1583 1110 1903 1189 praesentiae
1935 1114 2066 1194 ejus

127 1214 171 1244 ‘⁶
196 1207 520 1269 servanda''
576 1206 820 1267 dicebat.
904 1205 1201 1266 Audiente
1255 1205 1384 1282 haec
1440 1205 1681 1267 Tiberio·
1727 1228 1798 1270 ac
1838 1209 2065 1283 silente,

123 1304 349 1387 magnis
375 1303 668 1385 utrimque
694 1303 1158 1365 contentiom'bus
1185 1318 1348 1379 acta3
1393 1304 1496 1364 sed
1524 1324 1617 1365 res
1646 1303 1854 1368 dilatae.

205 1507 307 1562 36.
347 1501 449 1561 ET
478 1519 856 1561 CERTAMEN
909 1500 1087 1562 Gallo
1117 1501 1413 1561 *adversus
1451 1502 1746 1562 Caesarem
1779 1507 2066 1565 exui-mm

123 1614 246 1659 est:
292 1617 428 1658 nam
455 1598 676 1658 censuit
720 1605 763 1633 ‘⁴
789 1597 852 1658 in
878 1598 1340 1680 quinquennium
1369 1598 1809 1680 magistratuum
1837 1601 2066 1667 comitia

124 1702 168 1730 “
195 1696 495 1756 habenda:
539 1711 721 1777 utque
749 1696 1047 1778 legionum
1071 1696 1266 1779 legati,
1314 1697 1418 1776 qui
1459 1710 1593 1756 ante
1637 1711 1952 1777 praemram
1983 1697 2066 1759 ὠ.

125 1799 168 1829 “
197 1792 398 1853 militia
451 1791 867 1874 fungebantur,
918 1795 1040 1876 jam
1085 1808 1215 1854 tum
1269 1808 1548 1874 praetores
1600 1793 2025 1855 destinarentur
2039 1807 2067 1857 ε’

122 1897 167 1925 “
195 1890 469 1971 Princeps
494 1889 805 1950 duodecim
848 1889 1201 1963 candidatos,
1225 1889 1289 1949 in
1315 1909 1497 1950 annos
1523 1888 1782 1972 singulos
1802 1893 2067 1955 nomina·

123 1994 167 2023 “
196 1989 348 2048 ret.’'
432 1989 611 2049 Haud
661 1988 907 2049 dubium
954 2003 1097 2063 erat,
1146 2008 1275 2048 eam
1302 1986 1642 2048 sententiam
1677 1987 1859 2050 altilis
1892 2010 2065 2070 pene.

123 2099 300 2159 trare,
329 2100 386 2146 et
411 2106 619 2146 arcana
644 2085 869 2167 imperii
898 2086 1138 2147 tentari:
1161 2089 1179 2121 ³
1220 2086 1490 2148 Tiberius
1514 2100 1731 2159 tamen,
1762 2087 1927 2166 quasi
1957 2108 2063 2148 au·-

32 2247 35 2249 ,
119 2197 359 2262 geretur
397 2196 647 2263 potestas
689 2186 835 2265 ejuS‚
869 2184 1168 2245 disseruit:
1211 2190 1258 2219 ‘⁶
1287 2185 1488 2245 Grave
1535 2183 1913 2244 moderationi
1937 2206 2063 2247 suae

120 2285 167 2316 “
196 2293 279 2340 tot
308 2278 546 2365 eligere,
564 2295 651 2341 tot
677 2280 939 2342 differre:
972 2280 1071 2342 vix
1099 2302 1204 2362 per
1230 2280 1488 2362 singulos
1510 2300 1691 2340 annos
1714 2279 2063 2344 offensiones

122 2382 166 2412 “
192 2376 378 2451 vitari,
404 2378 668 2458 quamvis
712 2378 1002 2458 repulsam
1045 2378 1373 2459 propinqua
1413 2398 1544 2457 spes
1581 2377 1836 2438 soletur:
1882 2399 2062 2460 quan-

121 2479 166 2509 “
193 2489 322 2535 tum
347 2474 465 2535 odii
490 2473 620 2538 fore
646 2478 718 2537 ab
745 2475 857 2551 his,
879 2477 980 2559 qui
1007 2477 1159 2537 ultra
1179 2475 1641 2557 quinquennium
1662 2475 2061 2558 projiciantur!

122 2577 167 2607 “
195 2571 352 2632 unde
377 2573 625 2655 prbspici
653 2594 842 2655 posse,
871 2595 1005 2655 quae
1044 2573 1254 2654 cuique
1280 2587 1399 2634 tam
1429 2574 1606 2655 longo
1635 2572 1909 2653 temporis
1934 2595 2062 2656 spa»

119 2674 164 2704 ‘⁶
191 2667 271 2728 tio
297 2689 485 2745 mens,
510 2670 747 2745 domus,
773 2669 1008 2731 fortuna
1027 2670 1049 2732 ?
1067 2676 1092 2708 ⁴
1118 2670 1416 2752 superbire
1464 2670 1728 2731 homines
1770 2669 2060 2734 etiaman-

118 2770 164 2801 “
191 2765 310 2828 nuti
339 2766 767 2850 designatione:
814 2768 956 2852 quid
1002 2770 1048 2830 si
1076 2770 1363 2830 honorem
1414 2789 1518 2849 per
1560 2768 2057 2851 quinquennium¹

189 3036 207 3061 ⁸
234 3039 306 3090 Eo
326 3057 449 3094 anno
482 3043 714 3106 prolatas.
751 3043 958 3093 Prolntoe
981 3061 1039 3093 ac
1135 3062 1256 3109 quos
1279 3044 1390 3096 odio
1414 3043 1624 3092 baberet.

118 3106 283 3157 dilatas
338 3127 396 3157 co
450 3126 575 3159 anno
618 3127 705 3171 res,
746 3126 804 3159 ne
851 3114 1042 3160 abst-ute
1197 3112 1219 3137 ⁴
1244 3111 1674 3176 Domus‚Jortuua.
1714 3109 1947 3174 Quinque
1965 3128 2056 3160 an-

121 3172 347 3240 Principe
389 3187 725 3228 tractarentur.
794 3178 944 3237 Quod
975 3196 1043 3228 re·
1130 3195 1301 3229 norum
1362 3180 1518 3243 spatio
1578 3189 1765 3240 poterat
1806 3181 2054 3230 candidati

119 3241 236 3293 tulit
270 3242 490 3302 Tacitus,
526 3260 622 3295 non
659 3248 722 3295 ob
743 3249 810 3295 rei
839 3249 1043 3310 gravita-
1132 3263 1260 3297 mens
1300 3248 1494 3306 mutari,
1531 3244 1704 3293 domus
1742 3246 1926 3307 foedari,
1963 3248 2058 3299 for-

117 3321 232 3368 tem,
252 3311 332 3359 sed
357 3323 414 3361 ut
450 3311 632 3363 Pisonis
662 3325 712 3363 et
743 3314 878 3364 Gaui
898 3330 1043 3379 super
1133 3326 1250 3363 tuna
1272 3314 1435 3363 everti.

117 3393 178 3426 eo
205 3380 396 3442 negotio
431 3380 628 3431 diversae
655 3382 898 3433 sententia:
938 3398 1042 3431 nos·
1200 3381 1216 3409 ⁵
1243 3381 1483 3431 Honorem
1533 3398 1633 3445 ,per
1683 3381 2055 3445 quinquennium.

114 3460 355 3494 cerontur.
1135 3449 1319 3498 Munus
1343 3450 1537 3513 quidem
1571 3449 1734 3496 fuisset
1767 3464 1952 3514 semper
1970 3465 2056 3499 an·

188 3510 212 3535 ⁸
235 3514 321 3562 Cn.
345 3512 548 3565 Pisonis.
587 3513 662 3565 De
681 3514 869 3566 moins.
894 3521 1039 3564 c.43.
1132 3532 1314 3573 numm
1373 3517 1452 3565 scd
1506 3515 1732 3564 honorem
1773 3532 1858 3580 per
1915 3519 2055 3580 quiu-

186 3575 208 3606 ⁸
232 3582 425 3631 Arcana
467 3585 650 3648 imperii
693 3584 887 3632 tenear-i.
957 3585 1039 3634 Sic
1131 3584 1685 3648 qut-nniumagitiissent.
1723 3582 2056 3647 thuisvnim

115 3649 246 3695 enim
282 3650 556 3700 tentabatur
589 3651 708 3714 quid
745 3649 900 3711 vellet,
921 3652 1041 3715 quid
1129 3653 1416 3716 designatum,
1439 3652 1600 3700 statim
1636 3652 1803 3712 honor,
1832 3666 2055 3702 reveren-

117 3715 349 3780 cogjtartt
392 3716 647 3783 hinec-pem
685 3733 804 3785 quos
841 3731 1039 3779 arnan-t,
1083 3764 1091 3786 ⁸
1133 3722 1283 3782 tiu‚ct
1306 3736 1418 3768 mox
1440 3719 1681 3786 superbiu-
1947 3739 1949 3742 ·
