2268 3964
235 205 340 262 206
842 201 902 250 c.
937 200 1272 250 certunm
1306 200 1535 250 ‘mem
1792 205 1857 252 A.
1882 204 1944 253 u.
1968 208 2025 255 c.
2047 212 2166 263 775,

232 347 281 376 “
308 350 438 420 post
469 330 726 399 Cornelii
755 331 1005 392 Merulae
1033 330 1279 403 casdem,
1316 330 1608 391 neminem
1630 331 1977 410 suffectum3
2001 339 2018 363 ¹
2064 358 2165 398 ne.

233 441 281 473 ‘⁶
307 456 423 515 que
450 448 645 493 tamen
671 429 972 491 cessavisse
1015 427 1340 510 religiones
1429 428 1616 507 Quod
1657 430 1704 489 si
1733 451 1840 510 per
1866 445 1951 492 tot
1979 454 2163 494 annos

233 538 280 585 ἐς
306 530 484 611 possit
509 549 630 589 non
646 526 847 600 creari,
875 525 1038 586 nullo
1067 545 1366 586 sacrorum
1393 526 1646 601 damno;
1691 542 1908 608 quanto
1935 527 2166 592 facilius

235 634 281 665 ‘⁶
307 624 669 699 abfuturum,
717 623 792 683 ad
829 623 1000 682 unius
1041 621 1175 681 anni
1202 622 1614 701 proconsulare
1649 623 1999 703 imperium?
2041 628 2165 687 Pri-

235 731 281 761 “
306 723 449 784 vatis
475 722 616 783 olim
644 719 1025 781 simultatibus
1046 719 1340 796 effectum,
1369 734 1434 779 ut
1452 718 1486 778 a
1515 720 1880 799 pontificibus
1898 723 2165 784 maximis

235 827 282 881 .“
305 819 391 880 ire
444 819 507 878 in
560 816 881 898 provincias
918 817 1389 897 prohiberentur:
1451 837 1608 878 nunc
1646 819 1852 879 Deum
1896 840 2162 895 munere,

234 923 281 953 ‘⁶
306 936 603 978 summum
671 913 1013 994 pontificum
1030 918 1050 941 ²
1092 913 1263 974 etiam
1316 934 1614 974 summum
1662 915 1967 976 hominum
2015 938 2162 991 esse,

233 1020 280 1050 ‘⁶
304 1032 425 1074 non
445 1010 818 1086 aemulationi,
861 1030 1005 1072 non1
1028 1010 1186 1085 odio,
1224 1025 1323 1071 aut
1350 1010 1580 1092 privatis
1613 1008 2030 1073 adfectionibus
2057 1016 2160 1075 ob-

233 1116 282 1148 “
307 1109 618 1173 noxium.”

310 1296 413 1364 59.
476 1306 832 1363 ADVERSUS
889 1321 1022 1382 quae
1089 1301 1234 1363 cum
1298 1322 1486 1384 augur
1550 1299 1879 1376 Lentulus‚³
1949 1302 2161 1385 aliique

229 1399 390 1462 varie
417 1399 782 1471 dissererent,
826 1398 901 1458 eo
941 1399 1255 1460 decursum
1282 1414 1388 1472 est,
1446 1405 1488 1434 “
1519 1413 1583 1460 ut
1609 1398 1894 1479 pontificis
1921 1402 2161 1482 maximi

223 1503 271 1533 “
297 1497 636 1558 sententiam
683 1495 1150 1576 opperirentur.’'
1236 1495 1549 1572 Tiberim,
1575 1494 1750 1555 dilata
1799 1496 2034 1556 notione
2079 1498 2154 1558 de

225 1597 363 1677 jure
419 1593 687 1668 flaminis,
741 1594 1004 1654 decretas
1050 1596 1128 1654 ob
1178 1593 1542 1654 tribuniciam
1594 1592 1776 1658 Drusi
1823 1606 2162 1673 potestatem

230 1691 621 1754 caerimonias*
660 1690 1036 1772 temperavit3
1077 1690 1416 1753 nominatim
1444 1709 1694 1772 arguens
1736 1689 2164 1750 “insolentiam
2241 1686 2251 1742 i

227 1795 275 1824 ‘⁶
300 1790 619 1863 sententiae,
688 1809 1004 1870 aureasque
1054 1790 1243 1850 literas
1286 1802 1487 1849 contra
1549 1786 1800 1868 patrium
1864 1788 2157 1847 morem.'’
2243 1863 2246 1866 Α

231 1885 514 1947 Recitatae
543 1900 600 1946 et
615 1886 797 1946 Drusi
824 1886 1101 1966 epistolae,
1121 1905 1474 1968 quamquam
1498 1885 1573 1945 ad
1601 1882 2160 1958 modestiamflexae,
2242 1938 2243 1941 ,

228 2003 338 2064 pro
392 1981 807 2063 superbissimis
852 1982 1248 2064 accipiuntur:
1314 1984 1523 2043 “‘Huc
1568 1979 1845 2042 decidisse
1865 1985 1883 2015 ⁵
1928 1995 2158 2055 cuncta,
2240 2040 2251 2073 ,η

235 2163 345 2211 Nec
375 2164 466 2212 nisi
500 2166 564 2212 A.
587 2164 652 2212 U.
675 2165 733 2213 C.
758 2169 874 2220 743.
910 2166 1148 2215 flaminem

235 2231 430 2279 Dialem
486 2232 675 2280 suffecit
711 2234 977 2296 Augustus,
1035 2235 1149 2293 Dio,

236 2313 418 2362 1.1v.p
441 2295 555 2348 546.
626 2300 753 2363 Ergo
786 2318 869 2348 sex
891 2311 938 2348 et
961 2311 1149 2365 septua-

233 2366 366 2430 ginta
387 2367 520 2414 annis
541 2383 680 2415 nemo
698 2368 942 2426 suffectus,
963 2379 1018 2417 ut
1044 2371 1148 2444 jam

1303 2163 1328 2192 ⁴
1362 2162 1678 2213 Caerimonias.
1750 2163 1827 2224 De.
1863 2162 2042 2225 quibus
2079 2177 2155 2209 su-

1243 2250 1330 2298 pra
1367 2249 1473 2296 cap.
1496 2236 1579 2286 57.
1649 2231 1823 2292 Arguit
1858 2229 2157 2277 insolentiam

1242 2302 1484 2349 sententiae
1522 2300 1598 2347 M.
1623 2298 1792 2354 Silani,
1817 2302 1876 2350 ,et
1901 2313 2069 2345 aureas
2106 2296 2161 2343 li·

1244 2377 1368 2416 teras
1391 2368 1421 2415 a
1441 2367 1506 2424 Q.
1530 2367 1731 2416 Haterio
1754 2364 2037 2428 propositas.

233 2443 344 2481 ante
366 2450 450 2482 nos
469 2436 632 2482 observ
636 2434 734 2482 avit
747 2435 791 2481 V
795 2436 962 2493 ossius,
978 2448 1079 2485 not.
1099 2437 1148 2484 in

232 2501 495 2549 Velleium.
546 2503 600 2548 In
625 2502 844 2549 omnibus
866 2500 1031 2551 Taciti
1054 2505 1154 2551 edi-

232 2569 444 2617 tionibus
480 2569 655 2632 legitur
677 2570 851 2617 duobus
891 2577 938 2617 ct
965 2579 1151 2634 septua-

226 2637 367 2700 ginta
381 2636 531 2694 arenis,
544 2653 699 2684 errore
711 2636 1034 2697 librariorum,
1049 2641 1152 2702 qui,

232 2702 408 2751 detrita
441 2705 538 2751 una
561 2703 766 2768 quinarii
791 2705 977 2752 numeri
999 2718 1150 2770 parte,

233 2785 399 2818 Lxxn
423 2787 510 2834 pro
535 2787 728 2819 Lxxvr.
749 2773 995 2836 scripsere.

299 2858 334 2881 ¹'
355 2859 600 2906 Neminem
635 2861 894 2921 svgffectum.
978 2860 1142 2909 Julius

232 2928 395 2976 Caesar
450 2927 621 2974 flamen
668 2926 825 2974 Dialis
885 2927 1148 2976 destinatus

229 2995 389 3044 fuerat
428 2998 491 3042 A.
515 2994 575 3043 U.
597 2996 655 3043 C.
696 2990 811 3048 671.
860 2996 940 3042 sed
986 2995 1147 3043 statim

228 3061 495 3110 sacerdotio
517 3062 546 3108 a
569 3063 804 3109 dictatore
819 3062 956 3126 Syna
971 3062 1149 3111 multa-

229 3134 327 3176 ωε.
396 3130 530 3178 Suet.
555 3130 604 3176 in
623 3128 726 3177 Jul.
748 3143 786 3177 1.

295 3192 320 3215 ²
358 3196 590 3244 Summum
624 3197 912 3260 pontificum.

228 3262 447 3310 Deorum
470 3279 664 3314 munere
682 3265 847 3311 datum
862 3279 962 3312 mse
975 3263 1152 3311 Roma-

227 3331 300 3376 nis
321 3328 594 3388 Tiberium,
606 3346 849 3381 summum
864 3331 1148 3396 pontificum

227 3397 372 3445 simul
396 3414 454 3444 ac
478 3412 723 3444 summum
749 3397 1019 3456 hominum,
1053 3413 1149 3445 non

226 3465 542 3522 aemulationi,
597 3479 691 3510 non
731 3466 858 3524 odio,
915 3479 1010 3512 non
1055 3465 1150 3530 pri·

226 3532 346 3578 vatis
368 3531 720 3579 adfectionibus
739 3532 1021 3580 obnoxium.

294 3596 315 3623 ³
355 3600 527 3662 Augur
579 3597 826 3646 Lentulus.
859 3640 861 3642 .
918 3599 995 3645 De
1050 3614 1147 3662 quo

227 3665 415 3713 dictum
450 3667 497 3712 in
534 3665 861 3713 dissertatione
891 3666 948 3716 de
973 3666 1150 3715 Roma·-

227 3749 396 3780 norum
423 3732 565 3791 luxu,
591 3747 697 3796 cap.
715 3737 794 3780 52.

998 3196 1146 3245 Nunc

1310 2434 1327 2461 ⁵
1350 2436 1464 2483 Huc
1489 2433 1727 2482 decidisse.
1797 2431 2029 2479 Recitatae
2049 2438 2161 2479 sunt

1245 2503 1396 2551 Drusi
1437 2500 1666 2566 epistolae,
1703 2515 1827 2563 quae,
1862 2513 2158 2561 quamquam
2237 2515 2240 2520 ’

1240 2571 1303 2617 ad
1342 2569 1624 2618 modestiam
1658 2567 1809 2625 ssexae,

1243 2638 1448 2686 bissimis
1471 2634 1799 2699 accipiuntur.

1241 2714 1416 2781 patres,
1446 2705 1546 2752 huc
1575 2702 1686 2766 ergo
1708 2700 1940 2749 decidisse
1963 2708 2158 2759 cuncta,
2229 2762 2235 2772 ὁ

1242 2783 1297 2820 ut
1317 2789 1375 2819 ne
1390 2771 1578 2835 juvenis
1599 2769 1813 2833 quidem,
1848 2775 1981 2827 tanto
2005 2768 2159 2814 tribu-

1240 2841 1379 2887 niciae
1420 2838 1667 2904 potestatis
1720 2836 1897 2884 honore
1940 2849 2157 2897 accepto,

1869 2582 1956 2629 pro
1997 2582 2162 2629 super-

1241 2908 1395 2954 adiret
1446 2905 1590 2954 Urbis
1635 2905 1781 2962 Deos,
1834 2903 2159 2966 ingredeietur
2238 2940 2247 2955 .

1241 2983 1476 3034 senatum,
1489 2973 1657 3021 munia
1674 2970 1920 3034 dignitatis
1937 2985 2035 3017 suae
2050 2986 2161 3032 gen-

1240 3042 1324 3089 tile
1366 3042 1500 3106 apud
1536 3039 1711 3097 solum,
1755 3038 1805 3084 id
1847 3045 1933 3096 e‚st
1991 3037 2156 3083 Romae
2224 3074 2245 3090 ,2

1239 3108 1601 3172 auspicaretur!
1679 3105 1767 3167 (In
1810 3111 1999 3152 externo
2056 3106 2154 3151 solo

1239 3176 1461 3240 auspicia
1475 3174 1665 3236 concipi
1687 3188 1784 3220 non
1803 3189 1939 3236 posse
1957 3179 2158 3218 testatur
2222 3191 2248 3237 34,-
2267 3200 2268 3206 κ

1243 3245 1424 3302 Livius,
1445 3257 1584 3290 xxn.
1614 3247 1657 3288 1.
1715 3242 1819 3296 Aut
1841 3239 2009 3287 saltem
2031 3255 2156 3297 ram,
2236 3239 2268 3274 ff

1241 3319 1290 3360 et
1322 3311 1623 3374 gravissimas
1658 3309 1720 3354 ob
1744 3322 1862 3355 caus
1854 3323 1915 3353 as
1954 3305 2019 3352 ibi
2045 3322 2157 3353 con-
2224 3367 2225 3370 Ἰ

1241 3379 1558 3453 cipiebantuur.
1597 3375 1676 3422 Sic
1702 3373 2022 3422 Germanicus
2044 3389 2157 3420 con-

1240 3445 1454 3494 sulatum
1478 3444 1587 3491 iniit
1609 3440 1854 3505 Nicopoli,
1893 3449 1948 3487 ut
1971 3440 2155 3487 dictum
2220 3438 2228 3462 '¹
2248 3491 2249 3494 Ἴ

1241 3522 1312 3559 est
1333 3528 1479 3586 supra
1502 3509 1679 3557 Annal.
1705 3524 1767 3555 11.
1793 3508 1894 3565 53.)
1962 3505 2154 3554 Bdlum

1239 3578 1452 3627 scilicet
1442 3578 1701 3625 imminere.
1711 3588 1796 3623 aut
1811 3585 1903 3623 teri
1904 3589 2040 3621 arum
2056 3573 2158 3619 lon
2223 3579 2231 3606 1‘

1239 3646 1507 3708 ginquitate
1550 3643 1762 3691 distineri
1795 3644 2036 3704 juvenem,
2071 3639 2155 3701 qui

1239 3713 1402 3761 littora
1446 3721 1492 3758 et
1537 3712 1673 3758 lacus
1702 3708 1995 3773 Campaniae
2042 3707 2154 3755 eum
2219 3715 2253 3760 ,ξ

1873 2634 2161 2690 Queruntur
2233 2655 2235 2658 ·
