<?xml version="1.0" encoding="UTF-8"?>
<!DOCTYPE html PUBLIC "-//W3C//DTD XHTML 1.0 Transitional//EN"
    "http://www.w3.org/TR/xhtml1/DTD/xhtml1-transitional.dtd">
<html xmlns="http://www.w3.org/1999/xhtml" xml:lang="en" lang="en">
 <head>
  <title>
</title>
<meta http-equiv="Content-Type" content="text/html;charset=utf-8" />
  <meta name='ocr-system' content='tesseract 3.04.00' />
  <meta name='ocr-capabilities' content='ocr_page ocr_carea ocr_par ocr_line ocrx_word'/>
</head>
<body>
  <div class='ocr_page' id='page_1' title='image "./operarecognovite01taciuoft/operarecognovite01taciuoft_0262.png"; bbox 0 0 2268 3964; ppageno 0'>
   <div class='ocr_carea' id='block_1_1' title="bbox 257 185 1560 255">
    <p class='ocr_par' dir='ltr' id='par_1_1' title="bbox 257 185 1560 255">
     <span class='ocr_line' id='line_1_1' title="bbox 257 185 1560 255; baseline -0.008 -9"><span class='ocrx_word' id='word_1_1' title='bbox 257 201 357 255; x_wconf 72' lang='lat'>194·</span> <span class='ocrx_word' id='word_1_2' title='bbox 869 188 927 237; x_wconf 88' lang='lat' dir='ltr'>C.</span> <span class='ocrx_word' id='word_1_3' title='bbox 962 185 1295 236; x_wconf 81' lang='lat' dir='ltr'>CORNELII</span> <span class='ocrx_word' id='word_1_4' title='bbox 1330 185 1560 235; x_wconf 72' lang='lat' dir='ltr'>TAclTI</span> 
     </span>
    </p>
   </div>
   <div class='ocr_carea' id='block_1_2' title="bbox 252 312 2193 891">
    <p class='ocr_par' dir='ltr' id='par_1_2' title="bbox 252 312 2193 891">
     <span class='ocr_line' id='line_1_2' title="bbox 252 312 2184 405; baseline 0 -21"><span class='ocrx_word' id='word_1_5' title='bbox 252 332 298 366; x_wconf 85' lang='lat'>“</span> <span class='ocrx_word' id='word_1_6' title='bbox 327 318 631 405; x_wconf 85' lang='lat' dir='ltr'>majestatis</span> <span class='ocrx_word' id='word_1_7' title='bbox 665 315 903 381; x_wconf 88' lang='lat' dir='ltr'>crimine</span> <span class='ocrx_word' id='word_1_8' title='bbox 940 337 1108 378; x_wconf 90' lang='lat' dir='ltr'>reum</span> <span class='ocrx_word' id='word_1_9' title='bbox 1134 316 1195 376; x_wconf 89' lang='lat' dir='ltr'>in</span> <span class='ocrx_word' id='word_1_10' title='bbox 1222 328 1421 377; x_wconf 87' lang='lat' dir='ltr'>senatu</span> <span class='ocrx_word' id='word_1_11' title='bbox 1458 312 1628 377; x_wconf 85' lang='lat' dir='ltr'>fore?</span> <span class='ocrx_word' id='word_1_12' title='bbox 1670 315 1934 380; x_wconf 81' lang='lat' dir='ltr'>extitisse</span> <span class='ocrx_word' id='word_1_13' title='bbox 1947 323 2184 384; x_wconf 87' lang='lat' dir='ltr'>tandem.</span> 
     </span>
     <span class='ocr_line' id='line_1_3' title="bbox 256 413 2189 499; baseline 0.001 -19"><span class='ocrx_word' id='word_1_14' title='bbox 256 427 303 461; x_wconf 86' lang='lat'><strong>“</strong></span> <span class='ocrx_word' id='word_1_15' title='bbox 332 419 508 494; x_wconf 63' lang='lat' dir='ltr'>virm,</span> <span class='ocrx_word' id='word_1_16' title='bbox 557 416 659 499; x_wconf 91' lang='lat' dir='ltr'>qui</span> <span class='ocrx_word' id='word_1_17' title='bbox 695 429 961 477; x_wconf 89' lang='lat' dir='ltr'>cruentas</span> <span class='ocrx_word' id='word_1_18' title='bbox 1004 414 1270 495; x_wconf 87' lang='lat' dir='ltr'>epistolas</span> <span class='ocrx_word' id='word_1_19' title='bbox 1297 413 1470 474; x_wconf 90' lang='lat' dir='ltr'>armis</span> <span class='ocrx_word' id='word_1_20' title='bbox 1497 413 1833 475; x_wconf 86' lang='lat' dir='ltr'><strong>cohiberent</strong></span> <span class='ocrx_word' id='word_1_21' title='bbox 1858 437 1875 477; x_wconf 70' lang='grc' dir='ltr'><strong><em>ε</em></strong></span> <span class='ocrx_word' id='word_1_22' title='bbox 1920 417 2189 482; x_wconf 84' lang='lat' dir='ltr'>miseram</span> 
     </span>
     <span class='ocr_line' id='line_1_4' title="bbox 257 511 2189 599; baseline 0 -22"><span class='ocrx_word' id='word_1_23' title='bbox 257 525 304 559; x_wconf 76' lang='lat'>‘⁶</span> <span class='ocrx_word' id='word_1_24' title='bbox 331 535 535 599; x_wconf 86' lang='lat' dir='ltr'><strong>pacem</strong></span> <span class='ocrx_word' id='word_1_25' title='bbox 562 514 655 576; x_wconf 85' lang='lat' dir='ltr'>vel</span> <span class='ocrx_word' id='word_1_26' title='bbox 682 513 838 574; x_wconf 93' lang='lat' dir='ltr'>bello</span> <span class='ocrx_word' id='word_1_27' title='bbox 863 512 1014 574; x_wconf 65' lang='lat' dir='ltr'>bene</span> <span class='ocrx_word' id='word_1_28' title='bbox 1043 511 1270 572; x_wconf 92' lang='lat' dir='ltr'>mutari.</span> <span class='ocrx_word' id='word_1_29' title='bbox 1277 512 1317 539; x_wconf 89' lang='lat'>&#39;&#39;</span> <span class='ocrx_word' id='word_1_30' title='bbox 1381 512 1574 571; x_wconf 90' lang='lat' dir='ltr'>Tanto</span> <span class='ocrx_word' id='word_1_31' title='bbox 1601 511 1920 593; x_wconf 75' lang='lat' dir='ltr'>impensius</span> <span class='ocrx_word' id='word_1_32' title='bbox 1940 515 2002 574; x_wconf 88' lang='lat' dir='ltr'>in</span> <span class='ocrx_word' id='word_1_33' title='bbox 2029 538 2189 577; x_wconf 86' lang='lat' dir='ltr'>secu-</span> 
     </span>
     <span class='ocr_line' id='line_1_5' title="bbox 257 609 2191 692; baseline -0.001 -16"><span class='ocrx_word' id='word_1_34' title='bbox 257 613 486 677; x_wconf 86' lang='lat' dir='ltr'>ritatem</span> <span class='ocrx_word' id='word_1_35' title='bbox 514 610 888 692; x_wconf 90' lang='lat' dir='ltr'>compositus,</span> <span class='ocrx_word' id='word_1_36' title='bbox 927 629 1120 691; x_wconf 84' lang='lat' dir='ltr'>neque</span> <span class='ocrx_word' id='word_1_37' title='bbox 1163 609 1317 683; x_wconf 79' lang='lat' dir='ltr'>loce,</span> <span class='ocrx_word' id='word_1_38' title='bbox 1358 628 1549 690; x_wconf 89' lang='lat' dir='ltr'>neque</span> <span class='ocrx_word' id='word_1_39' title='bbox 1585 611 1750 670; x_wconf 90' lang='lat' dir='ltr'>vultu</span> <span class='ocrx_word' id='word_1_40' title='bbox 1780 625 2024 687; x_wconf 81' lang='lat' dir='ltr'>mutate,</span> <span class='ocrx_word' id='word_1_41' title='bbox 2066 614 2191 688; x_wconf 90' lang='lat' dir='ltr'>sed,</span> 
     </span>
     <span class='ocr_line' id='line_1_6' title="bbox 258 704 2193 788; baseline -0.001 -14"><span class='ocrx_word' id='word_1_42' title='bbox 258 725 328 774; x_wconf 86' lang='lat' dir='ltr'>ut</span> <span class='ocrx_word' id='word_1_43' title='bbox 353 709 610 783; x_wconf 86' lang='lat' dir='ltr'>solitum,</span> <span class='ocrx_word' id='word_1_44' title='bbox 653 727 759 788; x_wconf 82' lang='lat' dir='ltr'>per</span> <span class='ocrx_word' id='word_1_45' title='bbox 793 705 923 766; x_wconf 90' lang='lat' dir='ltr'>illos</span> <span class='ocrx_word' id='word_1_46' title='bbox 967 706 1088 766; x_wconf 89' lang='lat' dir='ltr'>dies</span> <span class='ocrx_word' id='word_1_47' title='bbox 1121 705 1274 787; x_wconf 86' lang='lat' dir='ltr'>egit:</span> <span class='ocrx_word' id='word_1_48' title='bbox 1331 704 1629 766; x_wconf 81' lang='lat' dir='ltr'><strong>altitudine</strong></span> <span class='ocrx_word' id='word_1_49' title='bbox 1663 706 1879 781; x_wconf 87' lang='lat' dir='ltr'>animi,¹</span> <span class='ocrx_word' id='word_1_50' title='bbox 1922 729 1999 770; x_wconf 88' lang='lat' dir='ltr'>an</span> <span class='ocrx_word' id='word_1_51' title='bbox 2033 729 2193 772; x_wconf 56' lang='lat' dir='ltr'>come</span> 
     </span>
     <span class='ocr_line' id='line_1_7' title="bbox 258 801 1524 891; baseline -0.005 -21"><span class='ocrx_word' id='word_1_52' title='bbox 258 820 488 891; x_wconf 79' lang='lat' dir='ltr'>peterat</span> <span class='ocrx_word' id='word_1_53' title='bbox 503 802 731 866; x_wconf 91' lang='lat' dir='ltr'>modica</span> <span class='ocrx_word' id='word_1_54' title='bbox 751 824 895 879; x_wconf 87' lang='lat' dir='ltr'>esse,</span> <span class='ocrx_word' id='word_1_55' title='bbox 913 816 971 864; x_wconf 86' lang='lat' dir='ltr'>et</span> <span class='ocrx_word' id='word_1_56' title='bbox 995 803 1242 886; x_wconf 86' lang='lat' dir='ltr'>vulgatis</span> <span class='ocrx_word' id='word_1_57' title='bbox 1269 801 1524 864; x_wconf 63' lang='lat' dir='ltr'>leviora?</span> 
     </span>
    </p>
   </div>
   <div class='ocr_carea' id='block_1_3' title="bbox 1805 189 2185 251">
    <p class='ocr_par' dir='ltr' id='par_1_3' title="bbox 1805 189 2185 251">
     <span class='ocr_line' id='line_1_8' title="bbox 1805 189 2185 251; baseline 0.011 -12"><span class='ocrx_word' id='word_1_58' title='bbox 1805 191 1870 239; x_wconf 80' lang='lat' dir='ltr'>A.</span> <span class='ocrx_word' id='word_1_59' title='bbox 1892 189 1955 240; x_wconf 82' lang='lat' dir='ltr'>U.</span> <span class='ocrx_word' id='word_1_60' title='bbox 1983 191 2042 242; x_wconf 84' lang='lat' dir='ltr'>C.</span> <span class='ocrx_word' id='word_1_61' title='bbox 2065 196 2185 251; x_wconf 72' lang='grc'><strong>774.</strong></span> 
     </span>
    </p>
   </div>
   <div class='ocr_carea' id='block_1_4' title="bbox 260 995 2268 2150">
    <p class='ocr_par' dir='ltr' id='par_1_4' title="bbox 260 995 2268 2150">
     <span class='ocr_line' id='line_1_9' title="bbox 346 995 2191 1080; baseline 0.001 -19"><span class='ocrx_word' id='word_1_62' title='bbox 346 1009 449 1061; x_wconf 83' lang='lat'>45.</span> <span class='ocrx_word' id='word_1_63' title='bbox 491 1000 789 1060; x_wconf 75' lang='lat' dir='ltr'>INTERIM</span> <span class='ocrx_word' id='word_1_64' title='bbox 837 997 1031 1072; x_wconf 86' lang='lat' dir='ltr'>Silius,</span> <span class='ocrx_word' id='word_1_65' title='bbox 1090 1017 1228 1059; x_wconf 89' lang='lat' dir='ltr'>cum</span> <span class='ocrx_word' id='word_1_66' title='bbox 1271 995 1595 1080; x_wconf 86' lang='lat' dir='ltr'>legionibus</span> <span class='ocrx_word' id='word_1_67' title='bbox 1638 999 1862 1060; x_wconf 88' lang='lat' dir='ltr'>duabus</span> <span class='ocrx_word' id='word_1_68' title='bbox 1898 999 2191 1076; x_wconf 79' lang='lat' dir='ltr'>incedenS,</span> 
     </span>
     <span class='ocr_line' id='line_1_10' title="bbox 260 1093 2195 1180; baseline 0 -22"><span class='ocrx_word' id='word_1_69' title='bbox 260 1093 559 1180; x_wconf 67' lang='lat' dir='ltr'>praemissa</span> <span class='ocrx_word' id='word_1_70' title='bbox 605 1094 864 1155; x_wconf 77' lang='lat' dir='ltr'>auxiliari</span> <span class='ocrx_word' id='word_1_71' title='bbox 903 1115 1102 1168; x_wconf 90' lang='lat' dir='ltr'>manu,</span> <span class='ocrx_word' id='word_1_72' title='bbox 1138 1108 1319 1155; x_wconf 86' lang='lat' dir='ltr'>vastat</span> <span class='ocrx_word' id='word_1_73' title='bbox 1374 1096 1778 1175; x_wconf 84' lang='lat' dir='ltr'>Sequanorum</span> <span class='ocrx_word' id='word_1_74' title='bbox 1828 1102 2053 1179; x_wconf 86' lang='lat' dir='ltr'>pagos,²</span> <span class='ocrx_word' id='word_1_75' title='bbox 2094 1100 2195 1179; x_wconf 89' lang='lat' dir='ltr'>qui</span> 
     </span>
     <span class='ocr_line' id='line_1_11' title="bbox 263 1191 2196 1273; baseline 0.001 -18"><span class='ocrx_word' id='word_1_76' title='bbox 263 1193 470 1256; x_wconf 87' lang='lat' dir='ltr'>finium</span> <span class='ocrx_word' id='word_1_77' title='bbox 506 1192 775 1266; x_wconf 84' lang='lat' dir='ltr'>extremi,</span> <span class='ocrx_word' id='word_1_78' title='bbox 826 1206 882 1252; x_wconf 84' lang='lat' dir='ltr'>et</span> <span class='ocrx_word' id='word_1_79' title='bbox 924 1191 1136 1251; x_wconf 89' lang='lat' dir='ltr'>AEduis</span> <span class='ocrx_word' id='word_1_80' title='bbox 1172 1191 1537 1265; x_wconf 82' lang='lat' dir='ltr'>contermini,</span> <span class='ocrx_word' id='word_1_81' title='bbox 1606 1191 1860 1273; x_wconf 88' lang='lat' dir='ltr'>sociique</span> <span class='ocrx_word' id='word_1_82' title='bbox 1915 1193 1975 1254; x_wconf 91' lang='lat' dir='ltr'>in</span> <span class='ocrx_word' id='word_1_83' title='bbox 2022 1195 2196 1257; x_wconf 84' lang='lat' dir='ltr'>armis</span> 
     </span>
     <span class='ocr_line' id='line_1_12' title="bbox 262 1287 2196 1372; baseline 0.001 -21"><span class='ocrx_word' id='word_1_84' title='bbox 262 1303 445 1352; x_wconf 88' lang='lat' dir='ltr'>erant.</span> <span class='ocrx_word' id='word_1_85' title='bbox 530 1291 684 1350; x_wconf 83' lang='lat' dir='ltr'>Mox</span> <span class='ocrx_word' id='word_1_86' title='bbox 712 1287 1212 1370; x_wconf 89' lang='lat' dir='ltr'>Augustodunum</span> <span class='ocrx_word' id='word_1_87' title='bbox 1233 1287 1373 1369; x_wconf 88' lang='lat' dir='ltr'>petit</span> <span class='ocrx_word' id='word_1_88' title='bbox 1400 1309 1651 1369; x_wconf 90' lang='lat' dir='ltr'>propero</span> <span class='ocrx_word' id='word_1_89' title='bbox 1688 1289 1937 1372; x_wconf 83' lang='lat' dir='ltr'>agmine,</span> <span class='ocrx_word' id='word_1_90' title='bbox 1976 1306 2196 1354; x_wconf 86' lang='lat' dir='ltr'>certan-</span> 
     </span>
     <span class='ocr_line' id='line_1_13' title="bbox 263 1383 2194 1470; baseline 0.001 -21"><span class='ocrx_word' id='word_1_91' title='bbox 263 1388 417 1449; x_wconf 87' lang='lat' dir='ltr'>tibus</span> <span class='ocrx_word' id='word_1_92' title='bbox 456 1385 607 1447; x_wconf 89' lang='lat' dir='ltr'>inter</span> <span class='ocrx_word' id='word_1_93' title='bbox 652 1407 715 1446; x_wconf 87' lang='lat' dir='ltr'>se</span> <span class='ocrx_word' id='word_1_94' title='bbox 758 1384 1063 1468; x_wconf 78' lang='lat' dir='ltr'>signiferis,</span> <span class='ocrx_word' id='word_1_95' title='bbox 1107 1383 1392 1446; x_wconf 88' lang='lat' dir='ltr'>fremente</span> <span class='ocrx_word' id='word_1_96' title='bbox 1434 1386 1606 1446; x_wconf 89' lang='lat' dir='ltr'>etiam</span> <span class='ocrx_word' id='word_1_97' title='bbox 1653 1388 1921 1470; x_wconf 89' lang='lat' dir='ltr'>gregario</span> <span class='ocrx_word' id='word_1_98' title='bbox 1976 1390 2155 1451; x_wconf 91' lang='lat' dir='ltr'>milite</span> <span class='ocrx_word' id='word_1_99' title='bbox 2173 1411 2194 1453; x_wconf 75' lang='grc' dir='ltr'>,τ</span> 
     </span>
     <span class='ocr_line' id='line_1_14' title="bbox 265 1483 2195 1567; baseline 0.003 -23"><span class='ocrx_word' id='word_1_100' title='bbox 265 1489 310 1522; x_wconf 83' lang='grc'><strong>“</strong></span> <span class='ocrx_word' id='word_1_101' title='bbox 338 1504 413 1544; x_wconf 90' lang='lat' dir='ltr'>ne</span> <span class='ocrx_word' id='word_1_102' title='bbox 482 1495 706 1543; x_wconf 89' lang='lat' dir='ltr'>suetam</span> <span class='ocrx_word' id='word_1_103' title='bbox 762 1483 1045 1564; x_wconf 88' lang='lat' dir='ltr'>requiem,</span> <span class='ocrx_word' id='word_1_104' title='bbox 1114 1504 1190 1544; x_wconf 89' lang='lat' dir='ltr'>ne</span> <span class='ocrx_word' id='word_1_105' title='bbox 1244 1484 1421 1566; x_wconf 89' lang='lat' dir='ltr'>spatia</span> <span class='ocrx_word' id='word_1_106' title='bbox 1491 1485 1750 1546; x_wconf 89' lang='lat' dir='ltr'>noctium</span> <span class='ocrx_word' id='word_1_107' title='bbox 1807 1487 2195 1567; x_wconf 88' lang='lat' dir='ltr'>opperiretur:</span> 
     </span>
     <span class='ocr_line' id='line_1_15' title="bbox 266 1579 2197 1662; baseline 0.003 -21"><span class='ocrx_word' id='word_1_108' title='bbox 266 1586 310 1617; x_wconf 85' lang='lat'><strong>“</strong></span> <span class='ocrx_word' id='word_1_109' title='bbox 339 1580 602 1642; x_wconf 88' lang='lat' dir='ltr'>viderent</span> <span class='ocrx_word' id='word_1_110' title='bbox 643 1579 825 1640; x_wconf 75' lang='lat' dir='ltr'>modo</span> <span class='ocrx_word' id='word_1_111' title='bbox 872 1580 1165 1654; x_wconf 81' lang='lat' dir='ltr'>adverSOS,</span> <span class='ocrx_word' id='word_1_112' title='bbox 1228 1594 1287 1640; x_wconf 93' lang='lat' dir='ltr'>et</span> <span class='ocrx_word' id='word_1_113' title='bbox 1341 1581 1766 1662; x_wconf 85' lang='lat' dir='ltr'>aspicerentur:</span> <span class='ocrx_word' id='word_1_114' title='bbox 1840 1583 1900 1644; x_wconf 91' lang='lat' dir='ltr'>id</span> <span class='ocrx_word' id='word_1_115' title='bbox 1956 1585 2088 1646; x_wconf 89' lang='lat' dir='ltr'>satis</span> <span class='ocrx_word' id='word_1_116' title='bbox 2122 1586 2197 1646; x_wconf 88' lang='lat' dir='ltr'>ad</span> 
     </span>
     <span class='ocr_line' id='line_1_16' title="bbox 265 1676 2201 1760; baseline 0.002 -22"><span class='ocrx_word' id='word_1_117' title='bbox 265 1683 310 1715; x_wconf 84' lang='lat'><strong>“</strong></span> <span class='ocrx_word' id='word_1_118' title='bbox 337 1676 698 1738; x_wconf 88' lang='lat' dir='ltr'>victoriam.&#39;&#39;</span> <span class='ocrx_word' id='word_1_119' title='bbox 763 1676 1199 1738; x_wconf 89' lang='lat' dir='ltr'>Duodecimum</span> <span class='ocrx_word' id='word_1_120' title='bbox 1238 1679 1393 1759; x_wconf 90' lang='lat' dir='ltr'>apud</span> <span class='ocrx_word' id='word_1_121' title='bbox 1432 1679 1722 1760; x_wconf 88' lang='lat' dir='ltr'>lapidem,³</span> <span class='ocrx_word' id='word_1_122' title='bbox 1766 1682 2054 1757; x_wconf 87' lang='lat' dir='ltr'>Sacrovir,</span> <span class='ocrx_word' id='word_1_123' title='bbox 2103 1703 2201 1743; x_wconf 88' lang='lat' dir='ltr'>co-</span> 
     </span>
     <span class='ocr_line' id='line_1_17' title="bbox 265 1773 2200 1856; baseline 0.002 -21"><span class='ocrx_word' id='word_1_124' title='bbox 265 1775 495 1856; x_wconf 84' lang='lat' dir='ltr'>piaeque</span> <span class='ocrx_word' id='word_1_125' title='bbox 562 1773 886 1855; x_wconf 87' lang='lat' dir='ltr'>patentibus</span> <span class='ocrx_word' id='word_1_126' title='bbox 942 1774 1082 1835; x_wconf 87' lang='lat' dir='ltr'>locis</span> <span class='ocrx_word' id='word_1_127' title='bbox 1138 1796 1490 1856; x_wconf 87' lang='lat' dir='ltr'>apparuere:</span> <span class='ocrx_word' id='word_1_128' title='bbox 1564 1775 1623 1836; x_wconf 90' lang='lat' dir='ltr'>in</span> <span class='ocrx_word' id='word_1_129' title='bbox 1678 1773 1869 1837; x_wconf 87' lang='lat' dir='ltr'>fronte</span> <span class='ocrx_word' id='word_1_130' title='bbox 1927 1791 2200 1840; x_wconf 87' lang='lat' dir='ltr'>statuerat</span> 
     </span>
     <span class='ocr_line' id='line_1_18' title="bbox 267 1870 2199 1957; baseline 0.002 -23"><span class='ocrx_word' id='word_1_131' title='bbox 267 1871 560 1946; x_wconf 76' lang='lat' dir='ltr'>ferratOS,⁴</span> <span class='ocrx_word' id='word_1_132' title='bbox 604 1870 666 1930; x_wconf 89' lang='lat' dir='ltr'>in</span> <span class='ocrx_word' id='word_1_133' title='bbox 694 1871 966 1932; x_wconf 90' lang='lat' dir='ltr'>cornibus</span> <span class='ocrx_word' id='word_1_134' title='bbox 994 1871 1308 1947; x_wconf 76' lang='lat' dir='ltr'>cohortes,5</span> <span class='ocrx_word' id='word_1_135' title='bbox 1351 1873 1386 1932; x_wconf 69' lang='lat' dir='ltr'>a</span> <span class='ocrx_word' id='word_1_136' title='bbox 1424 1887 1595 1956; x_wconf 82' lang='lat' dir='ltr'>tergo.</span> <span class='ocrx_word' id='word_1_137' title='bbox 1627 1870 1990 1935; x_wconf 81' lang='lat' dir='ltr'>semermoS.⁶</span> <span class='ocrx_word' id='word_1_138' title='bbox 2070 1877 2199 1957; x_wconf 86' lang='lat' dir='ltr'>Ipse</span> 
     </span>
     <span class='ocr_line' id='line_1_19' title="bbox 266 1965 2266 2051; baseline 0.003 -21"><span class='ocrx_word' id='word_1_139' title='bbox 266 1968 418 2030; x_wconf 89' lang='lat' dir='ltr'>inter</span> <span class='ocrx_word' id='word_1_140' title='bbox 460 1965 743 2049; x_wconf 87' lang='lat' dir='ltr'>primores</span> <span class='ocrx_word' id='word_1_141' title='bbox 813 1991 966 2050; x_wconf 90' lang='lat' dir='ltr'>equo</span> <span class='ocrx_word' id='word_1_142' title='bbox 1021 1968 1228 2051; x_wconf 89' lang='lat' dir='ltr'>insigni</span> <span class='ocrx_word' id='word_1_143' title='bbox 1272 1970 1452 2044; x_wconf 89' lang='lat' dir='ltr'>adire,</span> <span class='ocrx_word' id='word_1_144' title='bbox 1507 1991 1830 2031; x_wconf 89' lang='lat' dir='ltr'>memorare</span> <span class='ocrx_word' id='word_1_145' title='bbox 1853 2005 1883 2035; x_wconf 67' lang='lat' dir='ltr'>,t</span> <span class='ocrx_word' id='word_1_146' title='bbox 1899 1977 1943 2007; x_wconf 89' lang='lat'><strong><em>“</em></strong></span> <span class='ocrx_word' id='word_1_147' title='bbox 1980 1986 2203 2035; x_wconf 88' lang='lat' dir='ltr'>veteres</span> <span class='ocrx_word' id='word_1_148' title='bbox 2263 1967 2266 1972; x_wconf 59' lang='grc'>’</span> 
     </span>
     <span class='ocr_line' id='line_1_20' title="bbox 270 2066 2268 2150; baseline 0.003 -22"><span class='ocrx_word' id='word_1_149' title='bbox 270 2072 315 2106; x_wconf 75' lang='grc'><strong>“</strong></span> <span class='ocrx_word' id='word_1_150' title='bbox 346 2066 658 2128; x_wconf 88' lang='lat' dir='ltr'>Gallorum</span> <span class='ocrx_word' id='word_1_151' title='bbox 685 2067 944 2150; x_wconf 85' lang='lat' dir='ltr'>glorias,⁷</span> <span class='ocrx_word' id='word_1_152' title='bbox 984 2088 1233 2150; x_wconf 84' lang='lat' dir='ltr'>quaeque</span> <span class='ocrx_word' id='word_1_153' title='bbox 1258 2067 1540 2132; x_wconf 83' lang='lat' dir='ltr'>Romanis</span> <span class='ocrx_word' id='word_1_154' title='bbox 1566 2068 1805 2129; x_wconf 85' lang='lat' dir='ltr'>adversa</span> <span class='ocrx_word' id='word_1_155' title='bbox 1839 2067 2196 2133; x_wconf 73' lang='lat' dir='ltr'>intulissent:</span> <span class='ocrx_word' id='word_1_156' title='bbox 2260 2071 2268 2133; x_wconf 67' lang='lat' dir='ltr'><em>j</em></span> 
     </span>
    </p>
   </div>
   <div class='ocr_carea' id='block_1_5' title="bbox 273 2271 1190 2404">
    <p class='ocr_par' dir='ltr' id='par_1_5' title="bbox 273 2271 1190 2404">
     <span class='ocr_line' id='line_1_21' title="bbox 274 2271 1190 2327; baseline 0 -1"><span class='ocrx_word' id='word_1_157' title='bbox 274 2278 473 2326; x_wconf 77' lang='lat' dir='ltr'>timatne</span> <span class='ocrx_word' id='word_1_158' title='bbox 507 2277 728 2326; x_wconf 87' lang='lat' dir='ltr'>Tiberius</span> <span class='ocrx_word' id='word_1_159' title='bbox 758 2271 946 2326; x_wconf 74' lang='lat' dir='ltr'>julium</span> <span class='ocrx_word' id='word_1_160' title='bbox 971 2279 1190 2327; x_wconf 83' lang='lat' dir='ltr'>Sacrovi-</span> 
     </span>
     <span class='ocr_line' id='line_1_22' title="bbox 273 2345 1189 2404; baseline -0.001 -11"><span class='ocrx_word' id='word_1_161' title='bbox 273 2360 383 2393; x_wconf 83' lang='lat' dir='ltr'>rum</span> <span class='ocrx_word' id='word_1_162' title='bbox 420 2345 623 2393; x_wconf 82' lang='lat' dir='ltr'>Romam</span> <span class='ocrx_word' id='word_1_163' title='bbox 646 2354 914 2404; x_wconf 72' lang='lat' dir='ltr'>venturum,</span> <span class='ocrx_word' id='word_1_164' title='bbox 955 2355 1009 2394; x_wconf 89' lang='lat' dir='ltr'>ut</span> <span class='ocrx_word' id='word_1_165' title='bbox 1049 2347 1095 2393; x_wconf 91' lang='lat' dir='ltr'>in</span> <span class='ocrx_word' id='word_1_166' title='bbox 1119 2362 1189 2393; x_wconf 86' lang='lat' dir='ltr'>se·</span> 
     </span>
    </p>
   </div>
   <div class='ocr_carea' id='block_1_6' title="bbox 1287 2271 2254 2411">
    <p class='ocr_par' dir='ltr' id='par_1_6' title="bbox 1287 2271 2254 2411">
     <span class='ocr_line' id='line_1_23' title="bbox 1287 2271 2254 2339; baseline 0.002 -12"><span class='ocrx_word' id='word_1_167' title='bbox 1287 2280 1518 2339; x_wconf 86' lang='lat' dir='ltr'>cohortes,</span> <span class='ocrx_word' id='word_1_168' title='bbox 1537 2297 1617 2328; x_wconf 87' lang='lat' dir='ltr'>seu</span> <span class='ocrx_word' id='word_1_169' title='bbox 1643 2287 1754 2328; x_wconf 86' lang='lat' dir='ltr'>octo</span> <span class='ocrx_word' id='word_1_170' title='bbox 1775 2280 1930 2328; x_wconf 84' lang='lat' dir='ltr'>millia</span> <span class='ocrx_word' id='word_1_171' title='bbox 1950 2280 2198 2330; x_wconf 87' lang='lat' dir='ltr'>hominum</span> <span class='ocrx_word' id='word_1_172' title='bbox 2252 2271 2254 2275; x_wconf 39' lang='lat'><em>⁷</em></span> 
     </span>
     <span class='ocr_line' id='line_1_24' title="bbox 1287 2347 1732 2411; baseline 0.004 -17"><span class='ocrx_word' id='word_1_173' title='bbox 1287 2347 1553 2411; x_wconf 78' lang='lat' dir='ltr'>legionariis</span> <span class='ocrx_word' id='word_1_174' title='bbox 1573 2350 1732 2396; x_wconf 85' lang='lat' dir='ltr'>armis.</span> 
     </span>
    </p>
   </div>
   <div class='ocr_carea' id='block_1_7' title="bbox 274 2412 1194 2881">
    <p class='ocr_par' dir='ltr' id='par_1_7' title="bbox 274 2412 1194 2881">
     <span class='ocr_line' id='line_1_25' title="bbox 274 2412 1189 2477; baseline 0.001 -17"><span class='ocrx_word' id='word_1_175' title='bbox 274 2423 393 2461; x_wconf 86' lang='lat' dir='ltr'>natu</span> <span class='ocrx_word' id='word_1_176' title='bbox 428 2412 688 2476; x_wconf 87' lang='lat' dir='ltr'>majestatis</span> <span class='ocrx_word' id='word_1_177' title='bbox 724 2413 922 2461; x_wconf 82' lang='lat' dir='ltr'>crimine</span> <span class='ocrx_word' id='word_1_178' title='bbox 960 2430 1067 2461; x_wconf 85' lang='lat' dir='ltr'>reus</span> <span class='ocrx_word' id='word_1_179' title='bbox 1106 2415 1189 2477; x_wconf 90' lang='lat' dir='ltr'>ju-</span> 
     </span>
     <span class='ocr_line' id='line_1_26' title="bbox 275 2480 1187 2538; baseline 0 -11"><span class='ocrx_word' id='word_1_180' title='bbox 275 2481 498 2529; x_wconf 83' lang='lat' dir='ltr'>dicetur?</span> <span class='ocrx_word' id='word_1_181' title='bbox 554 2480 769 2528; x_wconf 81' lang='lat' dir='ltr'>Tandem</span> <span class='ocrx_word' id='word_1_182' title='bbox 809 2481 945 2538; x_wconf 81' lang='lat' dir='ltr'>viros,</span> <span class='ocrx_word' id='word_1_183' title='bbox 991 2480 1187 2529; x_wconf 79' lang='lat' dir='ltr'>Florum</span> 
     </span>
     <span class='ocr_line' id='line_1_27' title="bbox 274 2547 1190 2608; baseline 0 -12"><span class='ocrx_word' id='word_1_184' title='bbox 274 2547 460 2596; x_wconf 84' lang='lat' dir='ltr'>scilicet</span> <span class='ocrx_word' id='word_1_185' title='bbox 497 2555 546 2596; x_wconf 89' lang='lat' dir='ltr'>et</span> <span class='ocrx_word' id='word_1_186' title='bbox 591 2547 915 2605; x_wconf 85' lang='lat' dir='ltr'>Sacrovirum,</span> <span class='ocrx_word' id='word_1_187' title='bbox 963 2548 1190 2608; x_wconf 71' lang='lat' dir='ltr'>extitisse,</span> 
     </span>
     <span class='ocr_line' id='line_1_28' title="bbox 277 2614 1190 2680; baseline 0 -17"><span class='ocrx_word' id='word_1_188' title='bbox 277 2615 363 2678; x_wconf 89' lang='lat' dir='ltr'>qui</span> <span class='ocrx_word' id='word_1_189' title='bbox 386 2624 606 2664; x_wconf 87' lang='lat' dir='ltr'>cruentas</span> <span class='ocrx_word' id='word_1_190' title='bbox 627 2614 807 2663; x_wconf 88' lang='lat' dir='ltr'>Tiberii</span> <span class='ocrx_word' id='word_1_191' title='bbox 825 2615 1064 2680; x_wconf 81' lang='lat' dir='ltr'>epistolas,</span> <span class='ocrx_word' id='word_1_192' title='bbox 1086 2633 1190 2663; x_wconf 86' lang='lat' dir='ltr'>san-</span> 
     </span>
     <span class='ocr_line' id='line_1_29' title="bbox 277 2682 1191 2746; baseline 0.003 -17"><span class='ocrx_word' id='word_1_193' title='bbox 277 2682 648 2746; x_wconf 83' lang='lat' dir='ltr'>guinolentaque</span> <span class='ocrx_word' id='word_1_194' title='bbox 669 2682 858 2731; x_wconf 66' lang='lat' dir='ltr'>senatus</span> <span class='ocrx_word' id='word_1_195' title='bbox 882 2684 1087 2743; x_wconf 86' lang='lat' dir='ltr'>decreta,</span> <span class='ocrx_word' id='word_1_196' title='bbox 1119 2701 1191 2732; x_wconf 89' lang='lat' dir='ltr'>ar·</span> 
     </span>
     <span class='ocr_line' id='line_1_30' title="bbox 281 2749 1194 2815; baseline 0.004 -19"><span class='ocrx_word' id='word_1_197' title='bbox 281 2751 371 2797; x_wconf 88' lang='lat' dir='ltr'>mis</span> <span class='ocrx_word' id='word_1_198' title='bbox 394 2749 686 2799; x_wconf 84' lang='lat' dir='ltr'>cohiberent.</span> <span class='ocrx_word' id='word_1_199' title='bbox 755 2750 983 2799; x_wconf 76' lang='lat' dir='ltr'>Miseram</span> <span class='ocrx_word' id='word_1_200' title='bbox 1006 2766 1194 2815; x_wconf 85' lang='lat' dir='ltr'>pacem,</span> 
     </span>
     <span class='ocr_line' id='line_1_31' title="bbox 280 2817 1193 2881; baseline 0.002 -16"><span class='ocrx_word' id='word_1_201' title='bbox 280 2817 563 2881; x_wconf 86' lang='lat' dir='ltr'>civibusque</span> <span class='ocrx_word' id='word_1_202' title='bbox 616 2817 844 2866; x_wconf 79' lang='lat' dir='ltr'>Romanis</span> <span class='ocrx_word' id='word_1_203' title='bbox 903 2818 1193 2879; x_wconf 86' lang='lat' dir='ltr'>luctuosam,</span> 
     </span>
    </p>
   </div>
   <div class='ocr_carea' id='block_1_8' title="bbox 280 2884 1198 2949">
    <p class='ocr_par' dir='ltr' id='par_1_8' title="bbox 280 2884 1198 2949">
     <span class='ocr_line' id='line_1_32' title="bbox 280 2884 1198 2949; baseline 0.004 -18"><span class='ocrx_word' id='word_1_204' title='bbox 280 2884 426 2944; x_wconf 81' lang='lat' dir='ltr'>bello,</span> <span class='ocrx_word' id='word_1_205' title='bbox 463 2884 733 2949; x_wconf 84' lang='lat' dir='ltr'>periculoso</span> <span class='ocrx_word' id='word_1_206' title='bbox 762 2884 895 2945; x_wconf 73' lang='lat' dir='ltr'>licet,</span> <span class='ocrx_word' id='word_1_207' title='bbox 934 2886 1052 2934; x_wconf 73' lang='lat' dir='ltr'>bene</span> <span class='ocrx_word' id='word_1_208' title='bbox 1090 2901 1198 2935; x_wconf 87' lang='lat' dir='ltr'>mu-</span> 
     </span>
    </p>
   </div>
   <div class='ocr_carea' id='block_1_9' title="bbox 279 2953 390 3001">
    <p class='ocr_par' dir='ltr' id='par_1_9' title="bbox 279 2953 390 3001">
     <span class='ocr_line' id='line_1_33' title="bbox 279 2953 390 3001; baseline -0.018 0"><span class='ocrx_word' id='word_1_209' title='bbox 279 2953 390 3001; x_wconf 72' lang='lat' dir='ltr'>tari.</span> 
     </span>
    </p>
   </div>
   <div class='ocr_carea' id='block_1_10' title="bbox 284 3037 1218 3238">
    <p class='ocr_par' dir='ltr' id='par_1_10' title="bbox 284 3037 1218 3238">
     <span class='ocr_line' id='line_1_34' title="bbox 350 3037 1198 3106; baseline 0.001 -19"><span class='ocrx_word' id='word_1_210' title='bbox 350 3037 368 3060; x_wconf 85' lang='lat'>¹</span> <span class='ocrx_word' id='word_1_211' title='bbox 393 3037 666 3088; x_wconf 70' lang='lat' dir='ltr'>altitudine</span> <span class='ocrx_word' id='word_1_212' title='bbox 687 3039 843 3088; x_wconf 79' lang='lat' dir='ltr'>animi.</span> <span class='ocrx_word' id='word_1_213' title='bbox 899 3041 1065 3088; x_wconf 87' lang='lat' dir='ltr'>Animi</span> <span class='ocrx_word' id='word_1_214' title='bbox 1088 3057 1198 3106; x_wconf 87' lang='lat' dir='ltr'>pro-</span> 
     </span>
     <span class='ocr_line' id='line_1_35' title="bbox 284 3106 1218 3170; baseline -0.002 -16"><span class='ocrx_word' id='word_1_215' title='bbox 284 3106 537 3165; x_wconf 80' lang='lat' dir='ltr'>funditate,</span> <span class='ocrx_word' id='word_1_216' title='bbox 573 3123 720 3170; x_wconf 87' lang='lat' dir='ltr'>quam</span> <span class='ocrx_word' id='word_1_217' title='bbox 756 3107 981 3155; x_wconf 84' lang='lat' dir='ltr'>laudatus</span> <span class='ocrx_word' id='word_1_218' title='bbox 1021 3110 1082 3156; x_wconf 90' lang='lat' dir='ltr'>ab</span> <span class='ocrx_word' id='word_1_219' title='bbox 1106 3109 1197 3156; x_wconf 86' lang='lat' dir='ltr'>Er-</span> <span class='ocrx_word' id='word_1_220' title='bbox 1215 3150 1218 3152; x_wconf 86' lang='grc'>,</span> 
     </span>
     <span class='ocr_line' id='line_1_36' title="bbox 284 3172 1200 3238; baseline 0.003 -17"><span class='ocrx_word' id='word_1_221' title='bbox 284 3183 436 3232; x_wconf 85' lang='lat' dir='ltr'>nesto,</span> <span class='ocrx_word' id='word_1_222' title='bbox 453 3173 663 3233; x_wconf 87' lang='lat' dir='ltr'>Tullius,</span> <span class='ocrx_word' id='word_1_223' title='bbox 687 3174 778 3238; x_wconf 79' lang='lat' dir='ltr'>Ep.</span> <span class='ocrx_word' id='word_1_224' title='bbox 801 3174 862 3222; x_wconf 87' lang='lat' dir='ltr'>ad</span> <span class='ocrx_word' id='word_1_225' title='bbox 885 3172 1200 3224; x_wconf 81' lang='lat' dir='ltr'>Attic.1v.6.</span> 
     </span>
    </p>
   </div>
   <div class='ocr_carea' id='block_1_11' title="bbox 286 3237 1197 3713">
    <p class='ocr_par' dir='ltr' id='par_1_11' title="bbox 286 3237 954 3306">
     <span class='ocr_line' id='line_1_37' title="bbox 286 3237 954 3306; baseline 0.003 -18"><span class='ocrx_word' id='word_1_226' title='bbox 286 3255 339 3289; x_wconf 77' lang='lat' dir='ltr'>v.</span> <span class='ocrx_word' id='word_1_227' title='bbox 367 3246 445 3289; x_wconf 89' lang='grc'>10.</span> <span class='ocrx_word' id='word_1_228' title='bbox 485 3237 704 3292; x_wconf 64' lang='lat' dir='ltr'>caeteram</span> <span class='ocrx_word' id='word_1_229' title='bbox 723 3242 954 3306; x_wconf 82' lang='lat' dir='ltr'>appellat.</span> 
     </span>
    </p>

    <p class='ocr_par' dir='ltr' id='par_1_12' title="bbox 286 3304 1197 3424">
     <span class='ocr_line' id='line_1_38' title="bbox 353 3304 1197 3374; baseline 0.005 -20"><span class='ocrx_word' id='word_1_230' title='bbox 353 3304 377 3328; x_wconf 89' lang='lat'><em>²</em></span> <span class='ocrx_word' id='word_1_231' title='bbox 398 3307 716 3371; x_wconf 79' lang='lat' dir='ltr'>Sequanorum</span> <span class='ocrx_word' id='word_1_232' title='bbox 730 3325 899 3373; x_wconf 79' lang='lat' dir='ltr'>pagos.</span> <span class='ocrx_word' id='word_1_233' title='bbox 968 3309 1197 3374; x_wconf 86' lang='lat' dir='ltr'>Sequani,</span> 
     </span>
     <span class='ocr_line' id='line_1_39' title="bbox 286 3374 846 3424; baseline 0 -1"><span class='ocrx_word' id='word_1_234' title='bbox 286 3390 416 3424; x_wconf 86' lang='lat' dir='ltr'>nunc</span> <span class='ocrx_word' id='word_1_235' title='bbox 439 3374 670 3423; x_wconf 79' lang='lat' dir='ltr'>Francke-</span> <span class='ocrx_word' id='word_1_236' title='bbox 672 3374 846 3423; x_wconf 66' lang='grc' dir='ltr'>(ἔοηιτέ.</span> 
     </span>
    </p>

    <p class='ocr_par' dir='ltr' id='par_1_13' title="bbox 289 3437 1197 3572">
     <span class='ocr_line' id='line_1_40' title="bbox 352 3437 1197 3507; baseline 0.004 -19"><span class='ocrx_word' id='word_1_237' title='bbox 352 3437 375 3466; x_wconf 74' lang='lat'>³</span> <span class='ocrx_word' id='word_1_238' title='bbox 419 3441 754 3491; x_wconf 79' lang='lat' dir='ltr'>Duodecimum</span> <span class='ocrx_word' id='word_1_239' title='bbox 805 3444 932 3506; x_wconf 81' lang='lat' dir='ltr'>apud</span> <span class='ocrx_word' id='word_1_240' title='bbox 983 3443 1197 3507; x_wconf 78' lang='lat' dir='ltr'>lapidem.</span> 
     </span>
     <span class='ocr_line' id='line_1_41' title="bbox 289 3509 1196 3572; baseline 0.001 -15"><span class='ocrx_word' id='word_1_241' title='bbox 289 3509 564 3572; x_wconf 83' lang='lat' dir='ltr'>Pugnatum</span> <span class='ocrx_word' id='word_1_242' title='bbox 595 3510 716 3558; x_wconf 88' lang='lat' dir='ltr'>inter</span> <span class='ocrx_word' id='word_1_243' title='bbox 734 3511 901 3559; x_wconf 77' lang='lat' dir='ltr'>Autan</span> <span class='ocrx_word' id='word_1_244' title='bbox 924 3517 972 3558; x_wconf 84' lang='lat' dir='ltr'>et</span> <span class='ocrx_word' id='word_1_245' title='bbox 994 3510 1196 3558; x_wconf 81' lang='lat' dir='ltr'>Beaune.</span> 
     </span>
    </p>

    <p class='ocr_par' dir='ltr' id='par_1_14' title="bbox 288 3573 656 3713">
     <span class='ocr_line' id='line_1_42' title="bbox 351 3573 656 3626; baseline 0.01 -3"><span class='ocrx_word' id='word_1_246' title='bbox 351 3573 381 3603; x_wconf 74' lang='lat'><strong>⁴</strong></span> <span class='ocrx_word' id='word_1_247' title='bbox 413 3575 656 3626; x_wconf 75' lang='lat' dir='ltr'>Ferratus·</span> 
     </span>
     <span class='ocr_line' id='line_1_43' title="bbox 288 3648 610 3713; baseline -0.003 -21"><span class='ocrx_word' id='word_1_248' title='bbox 288 3659 378 3713; x_wconf 69' lang='lat' dir='ltr'>pra</span> <span class='ocrx_word' id='word_1_249' title='bbox 394 3660 504 3708; x_wconf 88' lang='lat' dir='ltr'>cap.</span> <span class='ocrx_word' id='word_1_250' title='bbox 526 3648 610 3692; x_wconf 79' lang='lat'>43.</span> 
     </span>
    </p>
   </div>
   <div class='ocr_carea' id='block_1_12' title="bbox 356 3708 1200 3762">
    <p class='ocr_par' dir='ltr' id='par_1_15' title="bbox 356 3708 1200 3762">
     <span class='ocr_line' id='line_1_44' title="bbox 356 3708 1200 3762; baseline 0.001 -3"><span class='ocrx_word' id='word_1_251' title='bbox 356 3709 375 3738; x_wconf 77' lang='lat'><em>⁵</em></span> <span class='ocrx_word' id='word_1_252' title='bbox 399 3708 640 3762; x_wconf 67' lang='lat' dir='ltr'>cohortes.</span> <span class='ocrx_word' id='word_1_253' title='bbox 707 3712 931 3762; x_wconf 82' lang='lat' dir='ltr'>Armatas</span> <span class='ocrx_word' id='word_1_254' title='bbox 960 3711 1200 3762; x_wconf 79' lang='lat' dir='ltr'>Sacroviri</span> 
     </span>
    </p>
   </div>
   <div class='ocr_carea' id='block_1_13' title="bbox 737 3577 1201 3643">
    <p class='ocr_par' dir='ltr' id='par_1_16' title="bbox 737 3577 1201 3643">
     <span class='ocr_line' id='line_1_45' title="bbox 737 3577 1201 3643; baseline -0.002 -17"><span class='ocrx_word' id='word_1_255' title='bbox 737 3577 1080 3643; x_wconf 85' lang='lat' dir='ltr'>Crupellarios,</span> <span class='ocrx_word' id='word_1_256' title='bbox 1122 3594 1201 3626; x_wconf 89' lang='lat' dir='ltr'>su·</span> 
     </span>
    </p>
   </div>
   <div class='ocr_carea' id='block_1_14' title="bbox 1289 2411 2260 3693">
    <p class='ocr_par' dir='ltr' id='par_1_17' title="bbox 1289 2411 2260 2614">
     <span class='ocr_line' id='line_1_46' title="bbox 1354 2411 2197 2481; baseline 0.002 -18"><span class='ocrx_word' id='word_1_257' title='bbox 1354 2411 1376 2438; x_wconf 78' lang='lat'>‘³</span> <span class='ocrx_word' id='word_1_258' title='bbox 1415 2415 1686 2464; x_wconf 72' lang='lat' dir='ltr'>Semermos.</span> <span class='ocrx_word' id='word_1_259' title='bbox 1757 2417 1916 2479; x_wconf 83' lang='lat' dir='ltr'>Supra</span> <span class='ocrx_word' id='word_1_260' title='bbox 1961 2432 2067 2481; x_wconf 77' lang='lat' dir='ltr'>cap,</span> <span class='ocrx_word' id='word_1_261' title='bbox 2114 2421 2197 2473; x_wconf 83' lang='lat'>39.</span> 
     </span>
     <span class='ocr_line' id='line_1_47' title="bbox 1289 2482 2260 2547; baseline -0.002 -16"><span class='ocrx_word' id='word_1_262' title='bbox 1289 2482 1556 2533; x_wconf 82' lang='lat' dir='ltr'>Semermes.</span> <span class='ocrx_word' id='word_1_263' title='bbox 1628 2485 1835 2532; x_wconf 83' lang='lat' dir='ltr'>Dictum</span> <span class='ocrx_word' id='word_1_264' title='bbox 1858 2500 2050 2547; x_wconf 89' lang='lat' dir='ltr'>quoque</span> <span class='ocrx_word' id='word_1_265' title='bbox 2079 2485 2203 2532; x_wconf 77' lang='lat' dir='ltr'>iner-</span> <span class='ocrx_word' id='word_1_266' title='bbox 2250 2499 2260 2529; x_wconf 79' lang='lat'>:-</span> 
     </span>
     <span class='ocr_line' id='line_1_48' title="bbox 1289 2550 2258 2614; baseline 0.007 -16"><span class='ocrx_word' id='word_1_267' title='bbox 1289 2550 1372 2598; x_wconf 75' lang='lat' dir='ltr'>mis</span> <span class='ocrx_word' id='word_1_268' title='bbox 1395 2560 1441 2598; x_wconf 84' lang='lat' dir='ltr'>et</span> <span class='ocrx_word' id='word_1_269' title='bbox 1462 2551 1678 2599; x_wconf 78' lang='lat' dir='ltr'>inermus.</span> <span class='ocrx_word' id='word_1_270' title='bbox 2252 2556 2258 2614; x_wconf 55' lang='grc' dir='ltr'>ζ</span> 
     </span>
    </p>

    <p class='ocr_par' dir='ltr' id='par_1_18' title="bbox 1292 2613 2251 3693">
     <span class='ocr_line' id='line_1_49' title="bbox 1357 2613 2249 2683; baseline 0.002 -19"><span class='ocrx_word' id='word_1_271' title='bbox 1357 2613 1377 2642; x_wconf 87' lang='lat'>⁷</span> <span class='ocrx_word' id='word_1_272' title='bbox 1442 2617 1632 2667; x_wconf 74' lang='lat' dir='ltr'>Veteres</span> <span class='ocrx_word' id='word_1_273' title='bbox 1688 2617 1934 2667; x_wconf 83' lang='lat' dir='ltr'>Gallorum</span> <span class='ocrx_word' id='word_1_274' title='bbox 2004 2619 2203 2683; x_wconf 77' lang='lat' dir='ltr'>glorios</span> <span class='ocrx_word' id='word_1_275' title='bbox 2248 2670 2249 2673; x_wconf 8' lang='grc' dir='ltr'><strong>Ἴ</strong></span> 
     </span>
     <span class='ocr_line' id='line_1_50' title="bbox 1292 2683 2203 2734; baseline 0.001 -1"><span class='ocrx_word' id='word_1_276' title='bbox 1292 2684 1427 2733; x_wconf 84' lang='lat' dir='ltr'>Galli</span> <span class='ocrx_word' id='word_1_277' title='bbox 1451 2683 1663 2734; x_wconf 82' lang='lat' dir='ltr'>Thraces</span> <span class='ocrx_word' id='word_1_278' title='bbox 1696 2696 1742 2733; x_wconf 91' lang='lat' dir='ltr'>et</span> <span class='ocrx_word' id='word_1_279' title='bbox 1768 2684 2057 2734; x_wconf 84' lang='lat' dir='ltr'>Macedones</span> <span class='ocrx_word' id='word_1_280' title='bbox 2079 2688 2203 2734; x_wconf 84' lang='lat' dir='ltr'>vice·</span> 
     </span>
     <span class='ocr_line' id='line_1_51' title="bbox 1293 2753 2203 2818; baseline 0 -18"><span class='ocrx_word' id='word_1_281' title='bbox 1293 2762 1420 2812; x_wconf 86' lang='lat' dir='ltr'>runt,</span> <span class='ocrx_word' id='word_1_282' title='bbox 1444 2753 1648 2801; x_wconf 86' lang='lat' dir='ltr'>Romam</span> <span class='ocrx_word' id='word_1_283' title='bbox 1673 2764 1915 2818; x_wconf 88' lang='lat' dir='ltr'>ceperunt,</span> <span class='ocrx_word' id='word_1_284' title='bbox 1930 2769 2042 2801; x_wconf 90' lang='lat' dir='ltr'>cum</span> <span class='ocrx_word' id='word_1_285' title='bbox 2065 2753 2093 2802; x_wconf 88' lang='lat' dir='ltr'>J</span> <span class='ocrx_word' id='word_1_286' title='bbox 2102 2754 2203 2801; x_wconf 66' lang='lat' dir='ltr'>ullo</span> 
     </span>
     <span class='ocr_line' id='line_1_52' title="bbox 1294 2820 2251 2886; baseline -0.002 -17"><span class='ocrx_word' id='word_1_287' title='bbox 1294 2822 1479 2869; x_wconf 79' lang='lat' dir='ltr'>Caesare</span> <span class='ocrx_word' id='word_1_288' title='bbox 1513 2820 1706 2884; x_wconf 84' lang='lat' dir='ltr'>triginta</span> <span class='ocrx_word' id='word_1_289' title='bbox 1729 2822 1902 2885; x_wconf 83' lang='lat' dir='ltr'>praeliis</span> <span class='ocrx_word' id='word_1_290' title='bbox 1933 2822 2204 2869; x_wconf 70' lang='lat' dir='ltr'>decertave·</span> <span class='ocrx_word' id='word_1_291' title='bbox 2246 2879 2251 2886; x_wconf 62' lang='lat'>„</span> 
     </span>
     <span class='ocr_line' id='line_1_53' title="bbox 1294 2889 2204 2952; baseline 0 -18"><span class='ocrx_word' id='word_1_292' title='bbox 1294 2896 1432 2935; x_wconf 84' lang='lat' dir='ltr'>runt:</span> <span class='ocrx_word' id='word_1_293' title='bbox 1471 2889 1727 2952; x_wconf 65' lang='lat' dir='ltr'>antequam</span> <span class='ocrx_word' id='word_1_294' title='bbox 1752 2889 1897 2936; x_wconf 85' lang='lat' dir='ltr'>luxus</span> <span class='ocrx_word' id='word_1_295' title='bbox 1917 2904 2081 2936; x_wconf 87' lang='lat' dir='ltr'>eorum</span> <span class='ocrx_word' id='word_1_296' title='bbox 2105 2889 2204 2935; x_wconf 85' lang='lat' dir='ltr'>ani.-</span> 
     </span>
     <span class='ocr_line' id='line_1_54' title="bbox 1296 2955 2206 3019; baseline 0.002 -19"><span class='ocrx_word' id='word_1_297' title='bbox 1296 2970 1397 3005; x_wconf 86' lang='lat' dir='ltr'>mos</span> <span class='ocrx_word' id='word_1_298' title='bbox 1439 2955 1660 3019; x_wconf 76' lang='lat' dir='ltr'>fregisset,</span> <span class='ocrx_word' id='word_1_299' title='bbox 1698 2956 1924 3004; x_wconf 87' lang='lat' dir='ltr'>Romanis</span> <span class='ocrx_word' id='word_1_300' title='bbox 1958 2955 2079 3003; x_wconf 76' lang='lat' dir='ltr'>adeo</span> <span class='ocrx_word' id='word_1_301' title='bbox 2114 2956 2206 3002; x_wconf 83' lang='lat' dir='ltr'>for-</span> 
     </span>
     <span class='ocr_line' id='line_1_55' title="bbox 1294 3022 2208 3087; baseline -0.001 -18"><span class='ocrx_word' id='word_1_302' title='bbox 1294 3023 1562 3083; x_wconf 87' lang='lat' dir='ltr'>midabiles,</span> <span class='ocrx_word' id='word_1_303' title='bbox 1583 3033 1639 3072; x_wconf 90' lang='lat' dir='ltr'>ut</span> <span class='ocrx_word' id='word_1_304' title='bbox 1659 3023 1709 3070; x_wconf 88' lang='lat' dir='ltr'>in</span> <span class='ocrx_word' id='word_1_305' title='bbox 1729 3022 1831 3087; x_wconf 86' lang='lat' dir='ltr'>lege</span> <span class='ocrx_word' id='word_1_306' title='bbox 1855 3022 1955 3087; x_wconf 66' lang='lat' dir='ltr'>qua</span> <span class='ocrx_word' id='word_1_307' title='bbox 1981 3024 2208 3070; x_wconf 88' lang='lat' dir='ltr'>immuni-</span> 
     </span>
     <span class='ocr_line' id='line_1_56' title="bbox 1296 3089 2243 3149; baseline 0 -13"><span class='ocrx_word' id='word_1_308' title='bbox 1296 3098 1367 3136; x_wconf 84' lang='lat' dir='ltr'>tas</span> <span class='ocrx_word' id='word_1_309' title='bbox 1401 3089 1587 3138; x_wconf 88' lang='lat' dir='ltr'>militiae</span> <span class='ocrx_word' id='word_1_310' title='bbox 1624 3092 1815 3138; x_wconf 88' lang='lat' dir='ltr'>senibus</span> <span class='ocrx_word' id='word_1_311' title='bbox 1851 3106 1910 3138; x_wconf 82' lang='lat' dir='ltr'>ac</span> <span class='ocrx_word' id='word_1_312' title='bbox 1951 3089 2209 3139; x_wconf 84' lang='lat' dir='ltr'>sacerdoti</span> <span class='ocrx_word' id='word_1_313' title='bbox 2240 3148 2243 3149; x_wconf 11' lang='lat'><em>7</em></span> 
     </span>
     <span class='ocr_line' id='line_1_57' title="bbox 1296 3156 2245 3221; baseline 0.001 -17"><span class='ocrx_word' id='word_1_314' title='bbox 1296 3159 1385 3204; x_wconf 88' lang='lat' dir='ltr'>bus</span> <span class='ocrx_word' id='word_1_315' title='bbox 1441 3159 1809 3216; x_wconf 83' lang='lat' dir='ltr'>concedebatur,</span> <span class='ocrx_word' id='word_1_316' title='bbox 1873 3158 2207 3221; x_wconf 81' lang='lat' dir='ltr'>exciperentur</span> <span class='ocrx_word' id='word_1_317' title='bbox 2242 3156 2245 3162; x_wconf 79' lang='lat'>&#39;</span> 
     </span>
     <span class='ocr_line' id='line_1_58' title="bbox 1295 3225 2206 3273; baseline 0 -2"><span class='ocrx_word' id='word_1_318' title='bbox 1295 3225 1422 3272; x_wconf 78' lang='lat' dir='ltr'>bell-a</span> <span class='ocrx_word' id='word_1_319' title='bbox 1463 3225 1672 3273; x_wconf 87' lang='lat' dir='ltr'>Gallica.</span> <span class='ocrx_word' id='word_1_320' title='bbox 1758 3225 1898 3273; x_wconf 87' lang='lat' dir='ltr'>Tunc</span> <span class='ocrx_word' id='word_1_321' title='bbox 1949 3226 2075 3272; x_wconf 89' lang='lat' dir='ltr'>enim</span> <span class='ocrx_word' id='word_1_322' title='bbox 2118 3240 2206 3271; x_wconf 90' lang='lat' dir='ltr'>nec</span> 
     </span>
     <span class='ocr_line' id='line_1_59' title="bbox 1292 3291 2242 3354; baseline 0 -16"><span class='ocrx_word' id='word_1_323' title='bbox 1292 3293 1481 3339; x_wconf 82' lang='lat' dir='ltr'>senibus</span> <span class='ocrx_word' id='word_1_324' title='bbox 1518 3308 1606 3340; x_wconf 88' lang='lat' dir='ltr'>nec</span> <span class='ocrx_word' id='word_1_325' title='bbox 1649 3294 1975 3341; x_wconf 84' lang='lat' dir='ltr'>sacerdotibus</span> <span class='ocrx_word' id='word_1_326' title='bbox 2017 3291 2206 3339; x_wconf 87' lang='lat' dir='ltr'>vacatio</span> <span class='ocrx_word' id='word_1_327' title='bbox 2236 3304 2242 3354; x_wconf 65' lang='lat' dir='ltr'><em>j</em></span> 
     </span>
     <span class='ocr_line' id='line_1_60' title="bbox 1294 3354 2203 3422; baseline 0 -17"><span class='ocrx_word' id='word_1_328' title='bbox 1294 3360 1536 3422; x_wconf 80' lang='lat' dir='ltr'>permissa,</span> <span class='ocrx_word' id='word_1_329' title='bbox 1551 3355 1640 3408; x_wconf 68' lang='lat' dir='ltr'>&#39;ura</span> <span class='ocrx_word' id='word_1_330' title='bbox 1654 3354 1701 3410; x_wconf 68' lang='lat'>8„</span> <span class='ocrx_word' id='word_1_331' title='bbox 1721 3379 1763 3406; x_wconf 74' lang='grc' dir='ltr'>τι</span> <span class='ocrx_word' id='word_1_332' title='bbox 1783 3357 1987 3421; x_wconf 74' lang='grc' dir='ltr'>Ρῶμαιιόις</span> <span class='ocrx_word' id='word_1_333' title='bbox 2005 3355 2203 3415; x_wconf 63' lang='grc' dir='ltr'>ἔπιφοῖοι,</span> 
     </span>
     <span class='ocr_line' id='line_1_61' title="bbox 1294 3423 2226 3506; baseline 0 -35"><span class='ocrx_word' id='word_1_334' title='bbox 1294 3427 1485 3487; x_wconf 65' lang='grc' dir='ltr'>(Κελτωγ</span> <span class='ocrx_word' id='word_1_335' title='bbox 1511 3423 1612 3486; x_wconf 71' lang='grc' dir='ltr'>ἐ’θνη)</span> <span class='ocrx_word' id='word_1_336' title='bbox 1645 3423 1698 3479; x_wconf 68' lang='grc' dir='ltr'>ὦς</span> <span class='ocrx_word' id='word_1_337' title='bbox 1728 3424 1830 3488; x_wconf 57' lang='grc' dir='ltr'>,ἅμα</span> <span class='ocrx_word' id='word_1_338' title='bbox 1852 3429 1931 3473; x_wconf 58' lang='lat' dir='ltr'>rav,</span> <span class='ocrx_word' id='word_1_339' title='bbox 1932 3444 2045 3506; x_wconf 67' lang='lat' dir='ltr'>mgr</span> <span class='ocrx_word' id='word_1_340' title='bbox 2068 3427 2226 3491; x_wconf 44' lang='grc' dir='ltr'>οἱς-ξων</span> 
     </span>
     <span class='ocr_line' id='line_1_62' title="bbox 1293 3490 2204 3575; baseline -0.003 -36"><span class='ocrx_word' id='word_1_341' title='bbox 1293 3491 1406 3545; x_wconf 71' lang='grc' dir='ltr'><strong><em>τείας</em></strong></span> <span class='ocrx_word' id='word_1_342' title='bbox 1437 3490 1562 3558; x_wconf 70' lang='grc' dir='ltr'><strong><em>ιἐςέυν</em></strong></span> <span class='ocrx_word' id='word_1_343' title='bbox 1599 3513 1675 3539; x_wconf 76' lang='grc' dir='ltr'>κοιι</span> <span class='ocrx_word' id='word_1_344' title='bbox 1709 3491 1899 3575; x_wconf 69' lang='grc' dir='ltr'>γεςόντων</span> <span class='ocrx_word' id='word_1_345' title='bbox 1930 3490 2204 3574; x_wconf 51' lang='grc' dir='ltr'>ἒγγζοιφηωι,</span> 
     </span>
     <span class='ocr_line' id='line_1_63' title="bbox 1294 3555 2208 3640; baseline -0.003 -35"><span class='ocrx_word' id='word_1_346' title='bbox 1294 3560 1404 3608; x_wconf 61' lang='grc' dir='ltr'>πλὴν</span> <span class='ocrx_word' id='word_1_347' title='bbox 1421 3561 1453 3606; x_wconf 74' lang='grc' dir='ltr'>εἰ</span> <span class='ocrx_word' id='word_1_348' title='bbox 1467 3579 1526 3620; x_wconf 72' lang='grc' dir='ltr'>μη</span> <span class='ocrx_word' id='word_1_349' title='bbox 1547 3562 1750 3612; x_wconf 75' lang='grc' dir='ltr'>Κελτικος</span> <span class='ocrx_word' id='word_1_350' title='bbox 1769 3557 1952 3640; x_wconf 64' lang='grc' dir='ltr'>&lt;πόλεμος</span> <span class='ocrx_word' id='word_1_351' title='bbox 1970 3557 2090 3610; x_wconf 75' lang='grc' dir='ltr'><strong><em>ἐπίοι,</em></strong></span> <span class='ocrx_word' id='word_1_352' title='bbox 2115 3555 2208 3607; x_wconf 72' lang='grc' dir='ltr'>τότε</span> 
     </span>
     <span class='ocr_line' id='line_1_64' title="bbox 1294 3619 2203 3693; baseline -0.001 -22"><span class='ocrx_word' id='word_1_353' title='bbox 1294 3619 1336 3672; x_wconf 61' lang='grc' dir='ltr'>δὲ</span> <span class='ocrx_word' id='word_1_354' title='bbox 1351 3646 1428 3674; x_wconf 73' lang='lat' dir='ltr'>xaee</span> <span class='ocrx_word' id='word_1_355' title='bbox 1448 3623 1640 3693; x_wconf 67' lang='grc' dir='ltr'>γέςοντας</span> <span class='ocrx_word' id='word_1_356' title='bbox 1661 3629 1738 3674; x_wconf 69' lang='grc' dir='ltr'>καὶ</span> <span class='ocrx_word' id='word_1_357' title='bbox 1762 3624 1886 3691; x_wconf 54' lang='lat' dir='ltr'>ingiam</span> <span class='ocrx_word' id='word_1_358' title='bbox 1922 3621 2203 3691; x_wconf 59' lang='grc' dir='ltr'>ς-ςαιτευεοΰαθ</span> 
     </span>
    </p>
   </div>
   <div class='ocr_carea' id='block_1_15' title="bbox 1296 3693 2093 3759">
    <p class='ocr_par' dir='ltr' id='par_1_19' title="bbox 1296 3693 2093 3759">
     <span class='ocr_line' id='line_1_65' title="bbox 1296 3693 2093 3759; baseline -0.001 -18"><span class='ocrx_word' id='word_1_359' title='bbox 1296 3694 1510 3759; x_wconf 83' lang='lat' dir='ltr'>Appian.</span> <span class='ocrx_word' id='word_1_360' title='bbox 1528 3694 1650 3743; x_wconf 86' lang='lat' dir='ltr'>Bell.</span> <span class='ocrx_word' id='word_1_361' title='bbox 1669 3693 1795 3742; x_wconf 77' lang='lat' dir='ltr'>civil.</span> <span class='ocrx_word' id='word_1_362' title='bbox 1818 3709 1876 3741; x_wconf 84' lang='lat'>11.</span> <span class='ocrx_word' id='word_1_363' title='bbox 1902 3710 1951 3758; x_wconf 87' lang='lat' dir='ltr'>p.</span> <span class='ocrx_word' id='word_1_364' title='bbox 1978 3697 2093 3740; x_wconf 78' lang='lat'><strong>523.</strong></span> 
     </span>
    </p>
   </div>
  </div>
 </body>
</html>
