2268 3964
216 210 313 263 166
815 207 874 256 c.
908 204 1242 273 commu
1276 202 1507 254 TAclTi
1755 209 1821 255 A.
1844 207 1909 256 U.
1931 209 1990 256 o.
2012 212 2130 263 773.
2230 213 2245 226 ’

216 350 259 379 “
289 339 484 412 fuisse,
546 337 983 417 adjutoremque
1035 334 1387 394 Germanico
1432 333 1633 394 datum
1674 333 1711 394 Ξ.
1757 357 1842 410 se,
1898 352 2135 399 auctore

218 445 260 479 “
291 449 512 508 senatu,
553 435 727 493 rebus
763 433 918 512 apud
959 432 1262 492 Orientem
1309 430 1801 492 administrandis:
1844 432 1960 493 illic
1999 455 2136 494 con-

216 542 262 586 4‘
288 528 537 593 tumaci&
590 542 650 590 et
681 527 1103 610 Ncertaminibus
1148 526 1471 607 'asperasset
1504 529 1799 608 juvenem,
1861 529 2139 612 exituque

155 706 158 709 .
219 628 413 714 “ejus
440 628 661 688 laetatus
682 638 863 698 esset;
909 644 983 683 an
1015 624 1230 684 scelere
1262 623 1617 697 extinxisset,
1658 623 1895 706 integris
1919 627 2141 688 ,animis
2189 642 2191 644 ’

219 734 264 779 ‘.‘
294 723 759 807 dijudicandum..
826 722 985 780 Nam
1033 720 1079 779 si
1129 720 1377 801 legatus¹
1422 719 1591 778 officii
1637 720 1935 795 terminOS,
1974 725 2139 789 obse·
2232 796 2233 800 Ἰ

222 830 264 873 ‘-‘
295 821 495 902 quium
529 839 667 900 erga
712 817 1117 896 imperatorem
1171 816 1352 888 exuit,
1395 816 1767 897 ejusdemque
1815 800 2025 892 morte,
2082 835 2170 880 et,
2227 808 2238 882 s-

222 925 265 954 “
295 919 455 977 luctu
483 937 614 975 meo
644 915 866 974 laetatus
894 927 1014 987 est;
1062 913 1263 986 oder0,
1306 933 1695 992 seponamque
1717 912 1752 972 a
1781 914 1956 973 domo
1986 915 2140 990 mea,

223 1022 267 1052 “
296 1028 353 1074 et
379 1012 622 1094 privatas
648 1009 984 1083 inimicitias,
1001 1030 1121 1068 non
1141 1009 1418 1088 Principis
1436 1008 1693 1070 ulciscar.
1781 1011 1893 1071 Sin*
1919 1009 2141 1074 facinus

223 1116 266 1161 ε(
294 1110 355 1169 in
383 1111 797 1190 cujuscumque
840 1105 1169 1165 mortalium
1196 1125 1336 1165 nece
1365 1105 1774 1170 vindicandum
1812 1108 2098 1190 detegitur
2117 1134 2152 1189 ;¹
2226 1101 2231 1155 s

147 1242 158 1247 ·
223 1214 266 1243 ‘⁶
294 1209 399 1267 vos
439 1205 582 1264 vero
633 1217 690 1262 et
744 1203 953 1262 liberos
1005 1201 1359 1274 Germanici,
1403 1215 1460 1260 et
1507 1221 1612 1260 nos
1649 1208 1942 1280 parentes²
1977 1206 2145 1286 justis

224 1311 266 1345 ‘⁶
295 1302 504 1364 solatiis
531 1300 794 1360 a‘dficite:
840 1299 1126 1379 simulque
1151 1299 1296 1358 illud
1324 1312 1602 1378 reputate,
1645 1298 1874 1359 turbide
1904 1315 1960 1360 et
1997 1299 2144 1361 sedi·
2224 1296 2226 1298 ⁵

220 1408 264 1452 ‘.‘
292 1397 436 1459 ties&
479 1395 802 1457 tractaverit
848 1395 1132 1456 exercitus
1167 1395 1336 1454 Piso:
1383 1395 1619 1474 quaesita
1664 1395 1774 1455 sint
1822 1417 1927 1476 per
1963 1397 2142 1471 ambi·
2221 1420 2223 1425 ’

225 1496 513 1554 “..tionem
567 1492 752 1551 studia
800 1491 1092 1566 militum;
1159 1490 1332 1550 armis
1385 1491 1621 1570 repetita
1675 1492 2004 1572 provincia3
2069 1505 2146 1555 an
2221 1518 2233 1560 1·

226 1600 267 1644 ‘.‘
296 1590 439 1652 falsa
466 1590 591 1650 haec
631 1589 691 1648 in
711 1591 894 1667 majus
921 1587 1279 1669 vulgaverint
1301 1601 1656 1648 accusatores
1682 1596 1717 1648 τ’
1744 1610 1997 1668 quorum
2034 1599 2151 1672 ego'
2222 1588 2225 1615 ⁵

228 1696 271 1724 ‘⁶
301 1687 489 1747 nimiis
538 1684 738 1746 studiis
769 1686 901 1765 jure
944 1679 1275 1744 succenseo·
1361 1685 1519 1745 Nam
1557 1685 1677 1767 qut)
1707 1686 1999 1764 pertinuit,
2041 1707 2149 1748 nu·
2222 1691 2224 1694 ’

227 1793 270 1822 “
299 1786 436 1845 dare
490 1803 724 1863 corpus,
765 1796 824 1841 et
862 1783 1338 1842 contrectandum
1382 1781 1543 1863 vulgi
1581 1782 1763 1844 oculis
1795 1782 2148 1863 permittere,
2216 1774 2227 1806 ³

227 1889 270 1919 “
298 1879 631 1960 differrique
668 1878 864 1939 etiam³
910 1899 1014 1958 per
1059 1893 1353 1951 externos,
1389 1888 1686 1957 tamquam
1710 1886 1934 1941 veneno
1977 1879 2150 1941 inter·
2215 1948 2219 1955 ⁸

227 1985 500 2058 “ceptus
541 1990 709 2050 esset,
768 1975 815 2036 si
862 1975 1080 2047 incerta
1121 1975 1311 2036 adhuc
1359 1974 1485 2048 ista,
1526 1988 1584 2034 et
1628 1975 1943 2058 scrutandas.
1975 1976 2150 2037 Sunt?
2216 2014 2257 2052 22

228 2081 271 2112 ‘⁶
300 2074 509 2137 Defleo
551 2073 821 2154 equidem
866 2072 1054 2133 filium
1091 2094 1311 2146 meum,
1355 2092 1697 2152 semperque
1740 2071 2001 2134 deflebo:
2046 2073 2160 2133 sed·
2220 2095 2224 2157 j

224 2179 269 2209 ‘⁸‘
297 2193 486 2252 neque
515 2190 682 2229 reum
723 2170 1024 2250 prohibeO,
1051 2170 1367 2251 quominus
1394 2183 1600 2229 cuncta
1627 2167 1900 2248 proferat,
1944 2150 2156 2250 quibus
2215 2167 2250 2190 ‘²

229 2277 272 2309 ‘⁶
301 2266 625 2328 innocentia
654 2268 781 2347 ejus
823 2267 1130 2341 sublevari,
1171 2281 1293 2340 aut,
1332 2266 1381 2326 si
1419 2279 1534 2346 qua
1574 2263 1683 2325 fuit
1707 2265 1971 2345 iniquitas
2001 2267 2153 2327 Ger·

229 2373 274 2402 ‘⁶
301 2364 530 2438 manici,
573 2363 808 2445 coargui
836 2363 1046 2443 possit:
1092 2383 1310 2445 vosque
1339 2383 1466 2434 oro,
1494 2383 1592 2435 ne,
1635 2361 1769 2442 quia
1803 2362 2003 2424 dolori
2019 2383 2159 2426 meo
2215 2358 2224 2387 ⁵

230 2469 273 2498 ‘⁶
303 2483 472 2523 causa
502 2481 766 2524 connexa
810 2474 916 2533 est,
958 2462 1180 2542 objecta
1225 2458 1462 2520 crimina
1503 2479 1610 2538 pro
1640 2458 1962 2537 adprobatis
2010 2459 2153 2518 acci-
2219 2459 2233 2523 ςῖ

231 2565 275 2593 “
305 2558 484 2638 piatis·
556 2556 617 2618 Si
646 2579 792 2638 quos
819 2557 1179 2637 propinquus
1201 2556 1454 2638 sanguis,
1475 2569 1572 2614 aut
1594 2555 1737 2615 fides
1754 2576 1855 2614 sua
1881 2569 2155 2635 patronos
2225 2583 2230 2599 ··

231 2662 275 2706 ‘-‘
303 2654 482 2728 dedit,
523 2668 806 2734 quantum
834 2654 1076 2734 quisque
1111 2650 1438 2735 eloquentia
1476 2666 1533 2712 et
1575 2649 1715 2711 cura
1752 2652 1924 2724 valet,
1959 2653 2157 2732 juvate

234 2757 276 2788 “
304 2750 734 2832 periclitantem.
821 2751 922 2810 Ad
973 2752 1244 2815 eumdem
1281 2751 1561 2822 laborem,
1603 2749 1866 2807 eamdem
1895 2762 2157 2807 constan·
2246 2804 2251 2811 s

303 2900 320 2922 ¹
347 2901 478 2948 Nam
507 2900 548 2946 si
593 2901 791 2963 legatus.
870 2899 920 2946 Si
961 2898 1144 2962 legatus

1241 2899 1356 2945 dum
1417 2897 1665 2958 detegitur,
1727 2912 1839 2942 eum
1897 2893 2155 2956 majestatis

235 2969 391 3016 filium
443 2983 602 3014 meum
648 2982 740 3012 non
780 2965 1002 3023 extinxit,
1064 2967 1144 3012 sed

234 3033 566 3084 tantummodo
588 3035 871 3095 obsequium
902 3049 1011 3096 erga
1032 3049 1144 3079 eum

235 3103 388 3158 exuit,
427 3101 736 3164 ejusdemque
763 3110 911 3147 morte
934 3111 981 3147 et
1004 3099 1143 3146 luctu

238 3187 343 3228 meo
365 3169 553 3217 laetatus
571 3167 681 3226 fuit,
720 3167 929 3230 legatum
950 3167 1143 3229 quidem

237 3238 398 3294 odem,
418 3246 641 3298 seponam
659 3233 689 3281 ὲ
715 3234 856 3280 domo
876 3232 982 3280 mea
999 3253 1013 3291 ;
1050 3248 1143 3279 non

240 3313 399 3352 tamen
418 3301 649 3349 violatum
673 3300 959 3364 Principem,
983 3299 1145 3346 laesam

239 3371 550 3433 majestatem,
571 3368 672 3414 ”sed
712 3368 919 3431 privatas
957 3367 1146 3414 tantum

235 3436 518 3485 ‘inimicitias
563 3435 785 3483 ulciscar.
871 3434 978 3483 Nec
1022 3434 1149 3480 enim

239 3504 344 3551 haec
387 3502 602 3566 publica,
644 3502 723 3548 sed
765 3502 950 3566 privata
990 3501 1147 3548 solum

242 3571 436 3634 injuria.
492 3572 562 3616 At
603 3569 641 3615 si
684 3568 837 3619 filium
872 3583 1033 3615 meum
1078 3567 1149 3613 in-

241 3637 442 3696 teremit,
479 3636 518 3682 si
554 3635 738 3682 facinus
770 3634 893 3682 illud
919 3635 967 3680 in
989 3635 1151 3696 cujus-

242 3720 452 3768 cumque
470 3701 746 3760 mortalium
777 3717 894 3751 nece
912 3701 1160 3751 vindican-

1208 2998 1209 3002 =
1242 2980 1376 3012 reum
1392 2965 1642 3025 judica-te3
1687 2978 1878 3025 vosque,
1917 2972 1963 3008 et
1986 2962 2155 3008 liberos
2249 3005 2259 3023 ι

1245 3031 1541 3086 Germanici,
1577 3039 1625 3077 et
1660 3046 1743 3077 nos
1774 3039 1999 3092 parentes
2014 3028 2156 3091 justis

1245 3099 1424 3146 solatiis
1445 3098 1651 3147 adfic'ite.
1710 3098 1830 3143 Haec
1866 3097 1989 3142 enim
2022 3097 2158 3157 justa.
2237 3108 2257 3130 -·

1238 3165 1465 3228 judicum
1483 3174 1530 3212 et
1548 3166 1830 3211 offensorum
1847 3163 2034 3220 solatia,
2055 3179 2156 3209 sce·
2234 3167 2236 3170 ’

1246 3233 1506 3279 leratorum
1531 3247 1684 3295 poena.

1314 3296 1336 3318 ²
1378 3299 1484 3346 Nos
1515 3306 1751 3362 parentes.
1818 3295 2064 3343 Tiberium
2109 3302 2166 3342 et·
2228 3315 2246 3341 ι

1247 3366 1453 3423 Liviam,
1498 3367 1715 3429 parentes
1773 3375 1965 3428 proptor
2010 3363 2157 3424 adop·
2236 3348 2259 3366 ⁵

1247 3433 1440 3480 tionem.
2235 3438 2258 3453 ’

1316 3495 1335 3523 ³
1384 3499 1678 3561 Dg‘fferrique
1721 3497 1873 3545 etiam.
1964 3495 2155 3544 Differri
2230 3498 2262 3539 ἒ

1247 3573 1295 3614 et
1318 3566 1606 3612 disseminari
1643 3566 1785 3611 etiam
1820 3581 1904 3626 per
1939 3573 2154 3610 externas
2231 3557 2254 3602 ³

1210 3652 1214 3655 ·
1247 3640 1402 3697 gentes
1440 3641 1685 3693 tamquam
1718 3647 1892 3678 veneno
1924 3631 2158 3697 ,intercep-
2240 3646 2255 3693 ζ’

1213 3742 1217 3751 .
1249 3711 1324 3764 tus
1347 3708 1464 3748 esset
1482 3698 1814 3748 Germanicus.
