2268 3964
223 122 320 167 120
781 151 786 157 .
811 116 813 119 ’
838 110 897 160 C.
931 109 1265 160 CORNELII
1298 107 1526 160 'I'ACITI

212 251 350 310 .“.e.t
386 237 855 324 ignominia-sua,
898 241 1043 303 cum
1080 242 1388 323 conjunx,¹
1431 241 1575 302 cum
1610 239 1763 302 filius
1807 245 1952 325 ejuS,
1978 245 2154 305 servi-

220 338 439 406 “tium
459 337 648 398 adhuc
669 337 934 397 tolerent.
999 340 1083 396 At
1111 358 1171 396 se
1199 335 1507 396 duodecim
1535 337 1856 420 legionibus
1877 339 2152 420 petitum²

213 442 265 506 ἐξ
294 436 444 495 duce
471 432 728 506 Tiberio,
767 433 1040 493 illibatam
1071 434 1503 510 Germanorum
1532 433 1776 514 gloriam
1803 436 2149 497 servavisse:

222 538 266 568 ‘⁶
294 552 437 592 mox
485 528 906 590 conditionibus
953 527 1135 608 aequis
1180 527 1531 601 discessum:

221 731 277 762 ‘⁶
293 724 535 797 bellum,
598 742 672 782 an
719 743 922 801 pacem
974 721 1334 781 incruentam
1387 722 1650 782 malint.''

224 1205 408 1288 magis
454 1221 684 1281 eventu,
733 1205 874 1270 fusis
922 1209 1211 1291 utrimque
1248 1208 1466 1270 dextris
1507 1207 1795 1269 cornibus·

230 1398 638 1461 subduxisset„
720 1402 788 1461 Id
842 1402 1074 1485 signum
1128 1402 1404 1485 perculsi⁵
1472 1399 1621 1461 fuit:

1774 113 1838 162 A.
1861 113 1923 163 U.
1946 116 2002 164 c.
2028 119 2147 172 777.

1604 549 1794 611 neque
1870 532 2176 613 poenitere⁸

222 635 266 665 ‘⁶
295 627 502 708 quod
486 646 744 706 1psorum
769 625 831 683 in
859 643 1036 683 manu
1063 623 1154 697 sit,
1181 615 1473 706 integrum
1499 625 1803 687 adversus
1823 628 2153 688 Romanos³

1751 723 1861 782 His
1914 724 2154 787 vocibus

221 820 517 886 instinctos
573 818 858 881 exercitus
921 818 1171 899 propriae
1229 841 1464 900 quoque
1513 840 1700 880 causae
1747 820 2112 881 stimulabant
2131 842 2151 883 2
2250 846 2263 898 j

223 914 425 989 cuma
459 916 766 983 Cheruscis
786 917 1319 998 Langobardisque,
1347 938 1455 997 pro
1492 915 1726 997 antiquo
1748 917 2013 991 decore,4
2040 921 2178 978 *aut'

223 1013 440 1074 recenti
469 1012 764 1090 libertate3
811 1028 868 1074 et
912 1029 1134 1088 contra,
1178 1015 1460 1096 augendae
1503 1013 1876 1073 dominationi
1913 1028 2155 1074 certare-
2219 1034 2247 1053 ·’

223 1123 338 1170 tur.
424 1111 588 1194 Non
613 1109 751 1174 alias
792 1113 1007 1194 majore
1044 1113 1199 1173 mole
1236 1132 1607 1185 concursum,
1647 1130 1838 1191 neque
1880 1110 2155 1192 ambiguo

1881 1208 2157 1287 Speraba-
2243 1248 2252 1265 -.

228 1314 439 1382 turque
494 1324 727 1382 rursum
782 1326 999 1388 pugna,
1069 1307 1130 1367 ni
1177 1306 1579 1368 Maroboduus
1643 1318 1824 1365 castra
1869 1303 1930 1363 in
1979 1303 2157 1364 colles
2235 1315 2253 1338 f

1686 1414 1752 1460 et
1815 1395 2177 1483 transfugi&

237 1565 426 1628 ciplind,
448 1585 600 1626 manu,
619 1569 990 1637 erperientidque
1013 1573 1151 1627 bello-

237 1650 340 1681 rum
381 1634 506 1682 inter
543 1636 775 1684 Romanos
814 1638 986 1686 milites
1014 1639 1150 1704 prin-

240 1708 360 1763 ceps,
413 1719 621 1751 marcore
676 1705 820 1764 ducis,
892 1706 1151 1763 Quinctilii

243 1769 380 1826 Vari,
428 1770 634 1834 perfidia
686 1772 845 1831 hostie,
900 1773 1152 1838 iniquitate

228 1835 446 1902 fortunae
503 1837 841 1887 circumventus
860 1869 928 1876 -
948 1841 1152 1890 inclusus

244 1903 406 1969 sylvis,
424 1905 690 1967 paludibus,
714 1907 912 1968 insidiis,
927 1909 990 1957 ad
1010 1909 1157 1956 inter-

244 1970 475 2021 necionem
514 1973 782 2022 trucidatus
821 1983 906 2023 est.
987 1975 1024 2024 F
1027 1983 1156 2024 aten-

247 2039 365 2087 dum
387 2046 545 2087 tamen
569 2040 771 2103 legiones
801 2058 897 2092 non
921 2043 1062 2091 fuisse
1086 2044 1155 2091 in-

247 2114 443 2170 tegras„
488 2108 760 2155 Nonnullos
793 2111 918 2158 enim
952 2112 1158 2174 legiona-

247 2175 341 2227 rios
356 2175 467 2239 ipsis
482 2177 720 2235 Barbam,
737 2179 1021 2225 tuendorum
1041 2195 1158 2243 prae-

245 2243 475 2290 sidiorum
490 2255 574 2291 aut
587 2244 903 2306 fugandorum
918 2246 1158 2293 latronum

248 2310 406 2374 specie
444 2312 690 2377 permissos
723 2312 864 2361 docet
907 2314 1022 2373 Dio,
1058 2329 1160 2362 LVI.

249 2394 298 2443 p.
325 2382 438 2426 583.

322 2511 338 2532 ¹
387 2513 500 2571 Czim
542 2516 758 2578 conjunx.

255 2596 293 2639 1·
314 2583 377 2634 57
399 2588 446 2627 et
465 2585 544 2627 58.

322 2644 344 2666 ²
367 2647 624 2695 Duodecim
662 2648 915 2712 legionibus
942 2648 1158 2711 petitum.

256 2715 634 2790 Maroboduum,
662 2715 848 2762 fiimato
871 2732 1026 2779 regno,
1066 2718 1161 2764 Ro-

841 2515 998 2579 Supra
1031 2517 1158 2566 Ann.

254 2782 406 2829 manis
451 2783 760 2837 metuendum
805 2784 981 2847 petivit
1020 2784 1162 2831 Tibe-

255 2849 354 2896 lius
389 2852 451 2896 A.
481 2843 543 2901 U
568 2850 625 2896 C.
657 2853 784 2906 7593
820 2851 1160 2916 mandavitque

259 2906 421 2991 Sentio
468 2901 725 2968 Saturnino
766 2916 822 2963 ut
864 2935 948 2981 per
980 2919 1161 2976 Cattos,

255 2980 428 3030 excisis
492 2976 840 3049 continentibus

904 2985 1160 3048 Hercyniae

255 3051 413 3113 sylv,ae
433 3050 636 3112 legiones
657 3051 992 3117 Boiohemum,
1016 3052 1163 3099 Boke-

255 3118 363 3175 mia,
386 3115 610 3165 duceret:
647 3134 694 3164 se
715 3114 745 3164 a
767 3119 1014 3172 Carnunto
1032 3135 1160 3166 nunc

255 3180 544 3248 Haynburg‚
565 3185 640 3236 ad
672 3186 959 3242 confluentes
995 3188 1162 3251 Danu-

258 3250 326 3305 bii
350 3261 397 3297 et
417 3252 562 3308 Mari,
582 3246 821 3312 Moy-avia,
843 3249 1014 3317 posim,
1030 3270 1162 3302 exer-

257 3317 413 3364 citum
446 3334 506 3365 ex
541 3315 738 3383 Illyrico
772 3320 822 3366 in
860 3321 1164 3390 Marcoman-

256 3400 343 3430 nos
365 3375 644 3434 ducturum.

257 3525 374 3576 erat,
392 3519 506 3566 cum
530 3521 822 3568 Pannoniam
849 3522 1166 3569 Dalmatiam-

260 3602 356 3663 (με
390 3586 636 3637 rebellasse
668 3589 959 3658 nuntiatum.
1030 3589 1166 3638 Bello

715 3387 736 3432 Ι
743 3386 846 3434 ntia
860 3386 1045 3452 paucos
1066 3388 1163 3435 dies

260 3452 545 3499 Saturninus
567 3469 679 3500 cum
702 3454 895 3508 Tiberio
905 3456 1165 3517 juncturus

1240 1573 1454 1637 nondum
1479 1574 1652 1636 coepto,
1668 1585 1765 1632 pax
1787 1585 1900 1622 cum
1925 1569 2155 1633 Marobo-

1243 1638 1341 1687 duo
1366 1640 1514 1702 aequis
1537 1637 1891 1686 conditionibus
1929 1645 2074 1698 pacta
2098 1643 2155 1683 ut
2232 1643 2268 1702 s(

1242 1708 1316 1754 vis
1371 1707 1485 1755 belli
1538 1707 1587 1753 in
1637 1703 1832 1751 rebelles
1873 1712 2154 1750 verteretur.
2228 1719 2250 1756 ξε

1243 1774 1476 1833 Velleius,
1520 1789 1583 1820 11.
1634 1777 1741 1828 109
1770 1780 1818 1818 et
1855 1775 1967 1818 110.
2039 1771 2153 1831 Dio,
2255 1794 2258 1814 1>

1248 1857 1334 1890 ΙΝ.
1359 1860 1408 1906 p.
1434 1838 1530 1890 568
1550 1850 1597 1887 et
1617 1854 1713 1902 seq.

1311 1905 1331 1933 ³
1355 1910 1605 1974 Integrum
1639 1905 1861 1954 adver-sits
1903 1904 2155 1955 Romanos·

1247 1975 1403 2025 Nulla
1436 1976 1592 2033 clade,
1634 1974 1792 2021 nullo'
1815 1973 2047 2021 dedecore
2085 1974 2156 2020 af·-

1247 2044 1376 2103 fecti,
1421 2044 1568 2091 immo
1611 2041 1760 2104 aequis
1799 2035 2155 2102 conditionibus

1247 2112 1440 2170 feroces,
1472 2112 1709 2174 integrum
1731 2107 1955 2156 adversus
1980 2108 2156 2156 Roma-

1246 2195 1329 2227 nos
1368 2179 1564 2239 bellum,
1597 2193 1822 2241 pacemve
1856 2176 2155 2237 incruentam

1247 2236 1418 2310 eligere
1462 2254 1695 2310 poterant.

1247 2314 1407 2361 adhuc
1451 2313 1650 2371 bellum,
1697 2310 1810 2358 cum
1856 2311 2003 2373 aequis
2047 2309 2158 2357 viri·-

1247 2384 1352 2437 bus,
1407 2381 1617 2444 ancipite
1653 2376 1857 2427 victori-1¹³⁴¹
1912 2378 2157 2441 utrimque

1249 2456 1506 2513 pugnatur.

1314 2514 1340 2542 ⁴
1386 2517 1485 2564 Pro
1527 2513 1717 2577 antiquo
1766 2513 1944 2572 decore·⁸
2033 2511 2159 2562 Che-.

1247 2584 1391 2643 rusci,
1436 2584 1761 2630 Romanorum
1807 2579 2023 2638 victoreS,
2066 2595 2156 2642 pro

1248 2652 1445 2714 antiquo
1484 2651 1679 2697 decore:
1719 2647 2035 2710 Langobardi,
2070 2647 2156 2709 qui

1247 2734 1398 2782 nupei
1441 2735 1471 2764 a
1509 2715 1814 2764 Maroboduo
1871 2714 2155 2772 defecerant,

1246 2802 1333 2849 pro
1376 2785 1551 2833 recenti
1593 2784 1810 2830 libertate
1864 2782 2156 2844 pugnabant.

1248 2853 1428 2900 Contia
1465 2851 1813 2906 Marobodum,
1852 2856 1924 2895 tot
1946 2847 2157 2909 gentium

1249 2921 1469 2977 domitor,
1507 2935 1593 2982 pro
1633 2915 1851 2980 augenda
1887 2916 2049 2962 adhuc
2076 2915 2162 2961 do·

1248 2987 1504 3048 minatione
1526 2986 1757 3032 certabat.

1788 2245 2030 2318 Integrum
2086 2247 2156 2290 est
2203 2296 2206 2301 ¹

1317 3052 1333 3079 ⁵
1360 3053 1555 3119 Signum
1571 3051 1794 3116 perculsi.
1863 3049 2075 3099 Perculsi
2100 3065 2176 3099 ac.
2256 3069 2261 3097 ς

1244 3121 1377 3169 victi.

1282 3181 1285 3184 ’
1319 3179 1355 3225 -⁶
1367 3187 1414 3234 T
1411 3205 1436 3235 1
1438 3185 1666 3253 ansfiegzs
1739 3184 1980 3247 Paulatim
2009 3184 2162 3246 nuda-

1249 3261 1326 3303 tus
1344 3247 1616 3311 Cheruscis,
1631 3252 1714 3318 qui
1729 3269 1842 3300 cum
1860 3252 2162 3314 Inguiomero

1250 3322 1309 3369 ad
1345 3338 1456 3378 eum
1491 3321 1857 3382 transfugeiant
1892 3320 1941 3365 in
1967 3319 2159 3365 Marco

1252 3405 1445 3436 mannos
1478 3388 1730 3451 populares
1771 3402 1879 3433 suos
1911 3386 2155 3432 concessit.

1254 3456 1319 3502 Ili
1349 3455 1698 3512 Marcomanni,
1730 3454 1860 3500 Maii
1879 3453 2024 3510 fluvii,
2049 3453 2158 3499 Mo-

1253 3522 1400 3580 razio,
1446 3522 1640 3578 accolae,
1676 3521 1868 3583 omniuo
1915 3519 2080 3565 diuisi
2126 3536 2158 3569 a

1253 3590 1676 3650 Marcommannis,
1711 3604 1834 3653 quos
1860 3587 2026 3638 Rheno
2051 3601 2157 3668 piwo
2175 3638 2179 3644 ¹
