2268 3964
862 115 1302 182 PRAEFATIO,
1991 135 2045 189 ἶν’

120 302 494 392 utiliusque
523 294 934 390 perfruetur.
1009 293 1119 362 Ea
1146 303 1308 362 sunt
1337 294 1835 380 additamenta,
1870 322 2033 391 quae

120 425 407 492 alteram
454 420 635 487 hanc
689 414 1090 495 editionem,
1159 417 1363 484 rebus
1430 418 1639 508 priori
1700 421 2032 511 majorem

118 545 360 612 fecere.
459 538 734 614 Indices
785 557 1095 625 quoque·
1127 536 1795 626 (Freinshemianum
1836 540 2032 609 illum

117 685 391 753 nempe,
435 659 847 729 et‘alterum
900 655 943 724 a
993 648 1107 726 me
1141 659 1295 749 'rpso
1327 658 1907 741 consarcinatum)
1963 670 2037 729 et

110 779 557 851 commodius·
575 788 650 845 et
678 776 1025 867 copiosius
1057 777 1412 846 distributi
1438 771 1637 884 sunt.-

189 1017 432 1088 -Nunc
461 1014 623 1086 vero
649 1013 987 1107 percursis
1013 1011 1265 1081 laboris
1285 1016 1494 1084 nostri
1523 1015 1846 1102 consiliiS,
1872 1037 2046 1113 quae‘

113 1140 315 1217 nobis
345 1139 598 1217 fuerint
628 1135 934 1205 subsidia
976 1134 1523 1205 memorandum.
1620 1138 1843 1232 Super
1891 1143 2041 1211 edi--

115 1260 363 1340 tiones,
423 1281 601 1351 quas
654 1259 726 1325 in
781 1257 1028 1324 altera*
1065 1254 1497 1331 Praefationis
1562 1271 1764 1350 parte
1814 1262 2049 1332 modo

114 1379 638 1472 appellavimus,
670 1376 1073 1466 adjumento
1108 1375 1296 1443 fuere
1327 1401 1542 1445 manu
1577 1381 1813 1474 scripti
1843 1383 2047 1452 endi·-⁴3

117 1523 254 1580 ces,
302 1501 580 1568 tum-ab
634 1499 808 1579 aliis,
856 1506 1007 1565 tum
1063 1496 1107 1564 a
1163 1498 1359 1566 nobis
1412 1500 1729 1592 inspecti.
1827 1495 2047 1572 Anti-f

114 1623 381 1712 quitate
438 1621 783 1712 principes
837 1618 1050 1703 habet
1113 1618 1511 1688 Florentina
1569 1621 2048 1694 Bibliothecae

114 1741 254 1823 Ibi,
299 1751 383 1810 ut
418 1743 569 1834 jam
618 1739 1090 1822 monui,·MS.
1145 1741 1391 1822 codex,
1439 1742 1751 1811 omnium
1805 1754 2034 1813 vetus-

113 1863 435 1964 tissimus,
535 1864 609 1930 in
690 1860 1086 1930 Corbeiensi
1181 1862 1629 1931 monasterio
1697 1873 2027 1957 repertus.
2115 1901 2117 1904 ⁴

109 1980 370 2053 Tiberii
430 1984 918 2076 principatum,
991 2007 1112 2052 seu
1169 2007 1287 2052 sex
1344 1985 1602 2076 priores
1649 1983 2045 2056 Annalium*

111 2105 344 2187 libros,
417 2105 692 2173 tantum
750 2105 1258 2197 complectitur.
1354 2105 1552 2174 Alter
1602 2090 1891 2183 ibidem,
1924 2111 2049 2178 e's't's

113 2224 275 2296 MS.
307 2226 556 2307 codex,
588 2212 660 2293 in
683 2247 824 2317 quo
858 2236 1022 2294 sunt
1045 2249 1165 2296 sex
1197 2227 1602 2318 posteriores
1630 2227 2046 2310 Annalium,'

111 2356 187 2417 et
210 2346 670 2416 Historiamm
698 2348 1012 2439 quinque
1040 2347 1216 2415 libri.
1315 2347 1662 2421 Exaratus
1687 2357 1795 2416 est
1818 2331 2036 2418 literis?

114 2466 756 2561 Langobardorum,
827 2491 1123 2560 quorum
1178 2491 1282 2537 res
1339 2470 1413 2536 in
1470 2467 1679 2539 Italia
1741 2467 2044 2538 Carolus-

34 2562 39 2570 *
113 2584 420 2681 Magnus
453 2587 726 2659 adflixit
756 2614 941 2658 anno
973 2565 1133 2670 772.
1233 2589 1418 2658 Eum
1467 2589 1773 2659 Pichena
1823 2590 2040 2683 longe-

0 2737 6 2829 ‘1
113 2709 556 2778 vetustiorem
620 2707 935 2790 credidit,
1018 2709 1208 2802 quod
1272 2711 1343 2778 in
1410 2731 1502 2779 eo·
1558 2712 2052 2811 subscriptum*

112 2829 412 2921 reperit:
462 2835 506 2867 ‘⁶
544 2822 706 2923 Ego‘
732 2829 1089 2899 Sallustius
1121 2832 1254 2923 legi
1286 2840 1358 2899 et
1381 2831 1745 2901 'emendavi
1780 2822 2051 2900 Romae-‘-

107 2947 297 3030 felix,
378 2947 647 3018 Olibrio
724 2964 796 3018 et
879 2950 1182 3022 Probino
1244 2953 1663 3031 consulibuS,
1743 2953 1815 3019 in
1878 2952 2027 3019 foro

30 3139 35 3142 ,
112 3066 365 3139 Martis
427 3070 922 3140 controversias
1001 3073 1395 3150 declamans
1473 3056 1726 3143 oratori
1759 3119 1766 3126 ,
1796 3071 2028 3142 Ende-

109 3186 358 3257 lechio.
454 3186 714 3258 Rursus
751 3189 1354 3286 Constantinopoli
1400 3193 1764 3284 recognovi
1799 3190 2028 3261 Caesa-

112 3306 213 3395 rio
244 3317 317 3378 et
347 3306 590 3380 Attico
622 3310 1080 3382 consulibus.”
1176 3313 1278 3401 At
1307 3312 1603 3382 librariis
1660 3335 1810 3380 mos
1842 3335 2030 3404 saepe

116 3425 272 3510 fuit,
342 3452 499 3521 quae
557 3414 649 3500 in⁸
684 3430 1036 3502 codicibus
1089 3432 1486 3526 reperirent,
1554 3432 2049 3512 transcribere,
