2268 3964
59 225 108 275 J.
126 224 184 272 C.
206 223 285 270 15.
565 215 948 266 ANNALIUM
987 214 1191 263 LIBER
1228 217 1507 268 PRIMUS.
1934 225 2004 278 59

60 359 107 388 “
133 370 282 431 quos
307 360 688 427 anteponunt,
714 344 879 404 invisi
915 344 1082 423 sunt)
1109 347 1323 407 verum
1351 347 1487 427 quia
1525 347 1808 410 Romanis
1850 352 2006 411 Ger-

60 453 107 483 “
135 445 432 525 manisque
458 443 615 503 idem
642 443 969 504 conducere
990 468 1007 518 ;
1032 446 1047 470 ¹
1083 457 1142 503 et
1162 465 1387 524 pacem,
1417 443 1597 524 quam
1623 447 1844 506 bellum
1871 468 2008 527 pro-

62 550 108 580 “
135 544 363 604 babam.
451 540 619 622 Ergo
653 554 946 620 raptorem
995 541 1132 602 filiae
1176 562 1348 614 meae,
1391 541 1733 601 violatorem
1766 542 2007 604 foederis

63 646 109 676 “
135 638 310 700 vestri
350 637 712 712 Arminium,
738 638 894 718 apud
924 641 1170 711 Varum,
1200 639 1302 720 qui
1316 652 1457 698 tum
1495 638 1775 699 exercitui
1811 640 2008 720 praesi·

63 743 109 785 ‘⁶
136 737 332 810 debat,
358 756 527 796 reum
554 732 666 796 feci
683 734 943 812 :dilatus
969 734 1212 818 segnitia
1233 735 1443 811 duciS,²
1470 735 1606 816 quia
1624 756 1835 815 parum
1859 751 2015 816 prae'-

63 841 109 871 “
137 833 263 895 sidii
308 833 371 893 in
418 831 644 914 legibus
691 845 837 905 erat,
864 845 931 892 ut
979 853 1098 906 me,
1126 846 1186 893 et
1233 832 1594 906 Arminium,
1644 846 1702 892 et
1745 834 2010 894 conscios

64 938 110 968 ‘⁴
136 931 399 1003 vinciret,
426 928 694 1012 flagitavi.
780 929 971 990 Testis
1013 930 1113 989 illa
1155 950 1304 1004 nox,
1324 934 1341 965 ³
1387 930 1530 990 mihi
1557 929 1778 990 utinam
1809 931 2010 1011 potius

64 1035 109 1065 “
135 1025 473 1090 novissima!
519 1028 676 1106 Quae
703 1040 899 1087 secuta
923 1041 1083 1100 sunt,
1104 1026 1304 1108 defleri
1332 1027 1536 1109 magis,
1565 1027 1746 1108 quam
1774 1026 2009 1104 defendi

64 1132 110 1162 “
138 1139 415 1206 possunt:
459 1124 728 1187 ceterum
755 1139 813 1184 et
838 1124 1008 1207 injeci
1036 1140 1264 1187 catenas
1284 1124 1581 1199 Armini0,
1610 1138 1667 1185 et
1696 1123 1732 1184 a
1759 1123 2019 1199 factione

63 1229 109 1258 “
137 1225 263 1305 ejus
287 1222 521 1304 injectas
547 1244 855 1304 perpessus
882 1245 1033 1285 sum.
1119 1227 1322 1305 Atque
1354 1223 1456 1283 ubi
1494 1222 1758 1303 primum
1801 1223 1886 1282 tui
1913 1244 2012 1283 co·-

63 1326 110 1355 “
135 1320 252 1402 pia,
279 1335 476 1381 vetera
505 1320 693 1396 novis,
721 1335 780 1382 et
816 1322 1010 1403 quieta
1036 1322 1282 1383 turbidis
1308 1321 1665 1382 antehabeo:
1710 1341 1903 1401 neque
1929 1322 2010 1380 ob

63 1423 110 1455 “
136 1417 468 1499 praemium,
515 1419 618 1478 sed
662 1433 727 1479 ut
785 1441 880 1480 me
933 1418 1180 1501 perfidia
1227 1419 1564 1494 exsolvam3
1629 1417 1802 1478 simul
1851 1412 2012 1500 genti

64 1520 110 1553 “
141 1517 579 1577 Germanorum
621 1514 866 1576 idoneus
910 1505 1266 1591 conciliator,
1310 1515 1358 1577 si
1399 1516 1799 1599 poenitentiam
1825 1516 2011 1598 quam

63 1617 110 1648 “
134 1611 451 1694 perniciem
499 1612 783 1673 maluerit.
868 1615 986 1674 Pro
1027 1614 1270 1697 juventii
1312 1630 1370 1674 et
1406 1635 1605 1675 errore
1651 1613 1755 1675 filii
1779 1613 2013 1675 veniam

65 1714 111 1744 “
137 1728 384 1789 precor:
428 1708 609 1769 filiam
656 1711 987 1773 necessitate
1028 1713 1146 1774 huc
1195 1713 1507 1773 adductam
1553 1709 1776 1773 fateor:
1838 1724 2008 1772 tuum

66 1812 112 1843 “
139 1804 249 1867 erit
274 1807 624 1882 consultare,
651 1809 857 1870 utrum
884 1811 1240 1892 praevaleat,⁴
1265 1811 1431 1892 quod
1459 1831 1536 1871 ex
1564 1809 1836 1878 Arminio
1874 1829 2012 1870 con-

67 1909 113 1940 “
141 1902 315 1984 cepit,
342 1923 419 1965 an
462 1904 627 1985 quod
657 1926 735 1966 ex
771 1927 869 1968 me
895 1908 1089 1990 genita
1125 1909 1275 1969 est.'’
1364 1909 1588 1982 Caesar,
1615 1906 1883 1967 clementi
1919 1928 2010 1966 re-

66 2019 306 2081 sponso,
331 2001 525 2063 liberis
550 2003 1006 2086 propinquisque
1034 2009 1157 2089 ejus
1176 1986 1655 2079 incolumitatem,
1674 2003 1783 2085 ipsi
1810 2004 2011 2066 sedem

69 2098 325 2174 Vetera,⁵
367 2098 428 2160 in
449 2101 768 2181 provincia,
810 2104 1134 2184 pollicetur.
1219 2103 1564 2165 Exercitum
1606 2101 1863 2176 reduxit,
1906 2123 2012 2163 no-

70 2215 325 2278 menque
376 2197 746 2277 imperatoris
762 2194 785 2227 ⁶
837 2216 1074 2263 auctore
1122 2201 1359 2263 Tiberio
1408 2200 1644 2281 accepit.
1758 2199 2011 2260 Arminii

71 2312 227 2354 uxor
288 2293 465 2355 virilis
508 2294 688 2358 sexus
735 2296 975 2379 stirpem
996 2304 1017 2337 ⁷
1073 2298 1286 2360 edidit:
1347 2298 1624 2360 educatus
1669 2287 2010 2359 Ravennae.⁸

145 2488 163 2512 ¹
189 2490 323 2540 Idem
366 2493 653 2542 conducere(
725 2495 860 2554 Quia
903 2498 999 2547 Ro·
1088 2498 1440 2547 Freinshemioz
1479 2496 1644 2545 utrum
1679 2496 1868 2544 veniam
1895 2493 2010 2543 dare

76 2560 228 2607 manis
268 2559 616 2625 Germanisque
655 2563 778 2611 idem
815 2567 998 2614 condu-

80 2642 188 2674 cere
216 2627 437 2691 judicavi
459 2648 472 2686 ;
520 2638 568 2677 et
615 2646 783 2695 pacem
831 2635 997 2698 magis,

78 2694 225 2759 quarn
251 2695 429 2743 bellum
445 2698 724 2761 probabam.

145 2758 168 2782 ²
208 2762 428 2826 segnitia
493 2765 640 2814 ducis.
733 2766 995 2825 Quinctilii

78 2829 216 2878 Vari.
255 2830 487 2890 Velleius,
513 2848 573 2880 11.
605 2838 716 2882 118.
763 2837 995 2884 Germani

78 2897 126 2945 in
170 2914 388 2946 summam
434 2900 694 2949 socordiam
734 2904 997 2967 perduxere

82 2964 408 3018 Quinctilium.
464 2966 623 3032 Usque
646 2967 713 3027 εὸ,
738 2979 789 3018 ut
810 2988 859 3020 se
877 2989 999 3038 proe·

80 3040 227 3080 turem
249 3033 472 3082 urbanum
508 3034 555 3083 in
576 3037 802 3101 jore-jue
825 3040 996 3100 dicere,

78 3115 168 3147 non
191 3100 239 3146 in
260 3100 420 3149 mediis
442 3101 709 3152 Germanice
714 3107 899 3167 finibus
923 3125 998 3155 cx-

81 3166 252 3214 erca'tm‘
270 3184 466 3230 proeesse
486 3169 714 3221 crederet.

150 3229 169 3258 ³
200 3233 353 3282 Testis
375 3236 459 3284 illa
489 3255 596 3286 nux.
665 3238 792 3296 Quae
829 3241 1000 3289 Varia-

83 3316 192 3349 nam
219 3301 433 3415 Sqladem
496 3309 748 3370 praecessit.
840 3308 998 3373 Supra

81 3384 142 3416 ca
181 3404 192 3415 .
253 3404 299 3415 ..

146 3386 376 3487 ΒΠίνιὶηι
408 3441 682 3504 prevalent.
754 3441 872 3492 Uter
891 3443 1000 3508 plus

77 3504 204 3565 juris
228 3505 274 3551 in
295 3523 397 3555 eam
436 3507 625 3566 habeat,
647 3518 694 3557 ct
720 3509 811 3558 utri
837 3527 998 3575 parere

86 3573 234 3634 magis
256 3573 441 3634 debeat,
464 3577 586 3640 patri
606 3592 666 3624 an
691 3577 862 3624 marito
886 3594 998 3626 mox

84 3640 226 3705 patri.
262 3641 403 3693 Las.
473 3643 644 3706 hinne,
663 3652 714 3693 ut
740 3654 859 3710 puto
885 3661 998 3696 cum

1085 2566 1243 2625 malit,
1281 2568 1398 2630 quia
1441 2564 1658 2629 Segestis,
1695 2563 1849 2612 fidelis
1869 2564 2009 2620 socii,

1087 2634 1203 2693 filia,
1228 2648 1287 2681 an
1310 2634 1497 2698 punire,
1519 2632 1638 2697 quia
1660 2632 1824 2690 hostis,
1845 2631 2010 2682 Armi-

1086 2701 1173 2760 nii,
1198 2716 1338 2751 uxor.
1412 2701 1550 2750 ERN.

1156 2767 1174 2796 ⁵
1198 2768 1361 2817 Sedem
1391 2768 1581 2816 Vetera.
1630 2766 1810 2815 Vetera
1834 2771 2007 2823 castra,

1087 2852 1216 2885 nunc
1240 2836 1436 2895 Santeu,
1451 2836 1500 2884 in
1515 2833 1764 2901 provincia
1777 2833 2009 2882 inferioris

1089 2905 1377 2964 Germaniae‚
1402 2904 1489 2969 ipsi
1534 2903 1691 2951 sedem
1731 2901 2007 2968 pollicetur.

1090 2973 1215 3020 Vide
1238 2982 1334 3020 not.
1358 2981 1405 3020 et
1419 2972 1604 3020 emend.
1627 2970 1687 3017 ad
1714 2973 1842 3017 Anu.
1868 2983 1906 3018 1.
1925 2972 2009 3017 58.

1155 3033 1177 3062 ⁶
1217 3039 1491 3103 Nomenque
1535 3036 1847 3102 imperatoris.
1938 3037 2010 3084 Re

1090 3107 1326 3166 confecta,
1349 3108 1522 3155 ducem
1549 3122 1693 3154 suum
1731 3104 1905 3153 milites
1925 3103 2008 3150 im-

1082 3183 1348 3239 peratorem
1400 3174 1690 3222 salutabant.
1761 3175 1831 3221 At
1889 3172 2010 3220 Ger.

1089 3244 1321 3300 maniciis,
1346 3241 1593 3307 perspecta
1610 3239 1788 3289 Tiberii
1811 3238 2007 3295 invidia,

1089 3326 1258 3359 nomeu
1282 3310 1402 3358 illud
1427 3325 1521 3357 non
1545 3309 1574 3357 ὲ
1597 3308 1848 3367 militibus,
1872 3309 1951 3356 sed
1974 3308 2007 3356 ὲ

1086 3378 1281 3426 Tiberio
1303 3379 1510 3440 accepit.

1157 3442 1176 3472 ⁷
1206 3445 1371 3493 Virilis
1394 3441 1529 3495 sextis
1552 3441 1761 3509 stirpem.
1796 3442 2006 3492 Nomine

1086 3512 1449 3561 Thumelicum.

1155 3576 1175 3605 ⁸
1200 3580 1450 3629 Ravennoe.
1520 3579 1766 3639 Ravenna,
1802 3575 1849 3625 in
1909 3576 2004 3626 Ro-

1086 3664 1272 3712 magna.
