2268 3964
250 184 323 237 90
384 199 394 205 „
861 172 920 221 c,
955 171 1287 223 CORNELII
1321 164 1555 224 TACITI
1794 179 1858 225 A.
1884 178 1947 228 u.
1974 180 2031 229 c.
2054 179 2172 240 ⁷69.
2242 171 2244 175 ’

234 303 496 370 defectio
549 302 586 363 Ξ.
616 317 782 384 tergo
835 301 1166 364 nuntiatur:
1238 286 1443 364 missus
1489 301 1642 364 illico
1690 304 1992 367 Stertinius
2032 330 2170 372 cum
2247 307 2254 392 J

240 403 441 488 *equite
467 415 525 463 et
551 396 842 462 armatura
869 398 1001 472 levi,
1028 397 1164 481 igne
1191 411 1248 459 et
1274 398 1529 461 caedibus
1555 400 1856 481 perfidiam
1884 402 2040 466 ultus
2065 419 2170 467 est.

328 604 389 658 9.
430 597 715 657 FLUMEN
759 589 1047 672 Visurgis¹
1109 591 1410 654 Romanos
1457 592 1937 676 Cheruscosque2
1997 595 2173 657 inter-
2243 587 2255 636 ἶ

248 694 500 757 fluebat:
572 692 695 771 ejus
741 687 804 747 in
855 686 982 768 ripa
1031 708 1168 748 cum
1209 688 1410 750 ceteris
1467 684 1814 770 primoribus
1870 692 2171 754 Arminius

247 790 482 862 adstitit,
538 784 895 866 quaesitoque
958 788 1001 818 ‘⁶
1048 803 1123 844 an
1173 785 1396 845 Caesar³
1468 785 1711 846 venisset
1723 786 1789 847 ?''
1859 788 2169 870 postquam

246 894 294 926 ‘⁶
320 883 559 947 adesse''
601 901 943 964 responsum
969 893 1076 955 est,
1119 887 1162 916 ‘⁶
1190 895 1255 943 ut
1276 881 1471 943 liceret
1498 904 1635 943 cum
1653 881 1831 943 fratre
1853 885 2168 968 conloqui''

245 983 448 1044 oravit.
495 1030 502 1036 ,
531 979 673 1040 Erat
717 977 766 1038 is
801 977 863 1038 in
910 975 1167 1040 exercitu
1214 993 1602 1061 cognomento
1621 1011 1623 1023 ε
1644 979 1894 1055 Flavius,
1935 980 2193 1063 insignis·

244 1081 384 1154 fide,
427 1092 485 1138 et
524 1075 731 1138 amisso
770 1094 876 1157 per
910 1073 1122 1136 vulnus
1157 1075 1330 1136 oculo
1383 1074 1578 1156 paucis
1625 1073 1757 1139 ante
1795 1076 1977 1150 annis,
2018 1078 2170 1138 duce
2239 1090 2246 1151 j

247 1175 522 1237 Tiberio:
566 1189 694 1234 tum
727 1169 1100 1252 permissum;
1145 1191 1598 1253 progressusque
1633 1172 1911 1232 salutatur
1952 1174 2025 1234 ab
2053 1176 2169 1233 Ar·
2237 1214 2239 1218 -

239 1272 463 1334 minio:
524 1271 623 1352 qui
655 1268 860 1331 amotis
901 1266 1286 1349 stipatoribuS,
1329 1275 1373 1305 “
1407 1283 1471 1329 ut
1507 1267 1775 1352 sagittarii
1817 1267 2017 1331 nostrii
2059 1290 2169 1350 pro
2235 1259 2267 1268 i

245 1377 295 1408 ‘⁶
318 1368 447 1450 ripa
494 1366 765 1448 dispositi
794 1365 1232 1439 abscederent,''
1293 1365 1581 1446 postulat;
1642 1379 1700 1426 et
1737 1364 2048 1446 postquam
2084 1366 2168 1427 di·

233 1466 447 1549 gressi,
490 1471 534 1503 ‘⁶
561 1464 717 1525 unde
771 1483 839 1525 ea
892 1459 1224 1523 deformitas
1272 1459 1386 1522 oris
1409 1459 1474 1522 ?'’
1525 1460 1841 1544 interrogat
1885 1455 2163 1524 fratrem:
2228 1471 2237 1521 '1

243 1563 346 1627 illo
370 1563 592 1634 iocum,
635 1574 692 1621 et
719 1558 984 1641 praelium
1005 1557 1311 1633 referente,
1355 1565 1397 1594 ‘⁶
1426 1560 1722 1640 quodnam
1747 1558 2053 1640 praemium
2079 1580 2168 1621 re·
2237 1620 2239 1626 Α
2264 1639 2265 1644 ¹

243 1667 292 1696 “
318 1660 556 1740 cepisset
573 1658 640 1720 ?”
682 1656 950 1739 exquirit.
1035 1655 1262 1718 Flavius
1305 1661 1347 1692 ‘⁶
1375 1671 1541 1718 aucta
1557 1648 1852 1743 stipendia,
1873 1669 2167 1736 torquem,

246 1761 292 1793 ‘⁶
318 1770 377 1816 et
403 1775 700 1830 coronam,
740 1753 964 1836 aliaque
989 1754 1252 1818 militaria
1274 1755 1505 1819 dona’'⁴
1543 1767 1846 1832 memorat,
1885 1752 2167 1818 inridente
2228 1780 2259 1839 12

244 1840 516 1916 Arminio
536 1852 669 1914 vilia
682 1850 892 1914 servitii
918 1851 1118 1935 pretia.
2228 1840 2230 1845 ’

330 2057 427 2107 10.
470 2045 653 2111 EXIN
692 2043 898 2109 diversi
926 2043 1232 2107 ordiuntur
1252 2047 1302 2106 :³
1343 2042 1438 2107 hic
1480 2050 1525 2082 ‘⁶
1552 2041 2006 2128 magnitudinem
2042 2043 2164 2104 Ro.
2238 2046 2261 2110 J

242 2148 288 2182 “
316 2164 566 2218 manain,
609 2163 748 2223 opes
778 2137 1076 2218 Caesaris,⁶
1115 2158 1174 2207 et
1215 2141 1377 2205 victis
1407 2163 1610 2226 graves
1636 2162 1876 2227 poenas3
1919 2141 1982 2204 in
2007 2140 2165 2204 dedi-

242 2245 287 2276 ‘⁵
314 2241 531 2302 tionem
563 2239 810 2303 venienti
842 2254 1098 2321 paratam
1134 2239 1534 2320 clementiam3
1579 2259 1783 2321 neque.
1819 2241 2160 2321 conjugem⁷
2230 2236 2263 2301 ’ὲ

241 2343 287 2376 ‘⁶
315 2352 373 2399 et
392 2337 578 2401 filium
605 2339 726 2420 ejus
751 2337 1030 2399 hostiliter
1056 2337 1318 2400 haberi.”
1402 2337 1507 2398 Ille
1550 2342 1591 2373 “
1619 2333 1705 2398 fas
1732 2334 1951 2418 patriae‚
1994 2334 2162 2396 liber-
2224 2321 2261 2386 ³².

234 2442 287 2513 ἐς
311 2450 488 2497 tatem
512 2434 740 2510 avitam,
782 2436 1101 2520 penetrales
1135 2435 1470 2501 Germaniae
1504 2430 1723 2511 Deos,⁸
1764 2446 2008 2496 matrem
2033 2451 2161 2513 pre·
2254 2442 2259 2496 ἒ

1248 2585 1393 2633 etiam
1414 2589 1550 2632 stem.
1572 2580 1780 2631 Arminii
1817 2581 1941 2630 inter
1973 2586 2072 2628 not.
2111 2587 2159 2629 et

1251 2652 1437 2701 emend.
1461 2652 1523 2698 ad
1542 2651 1671 2702 Ann.
1693 2664 1732 2697 1.
1757 2652 1837 2699 55.

313 2582 332 2605 ⁸
357 2583 547 2632 Flumen
574 2583 807 2648 Visurgis.
849 2582 946 2631 The
974 2583 1040 2632 W
1034 2601 1150 2632 eser.

310 2648 338 2671 ²
373 2650 732 2714 Cheruscosque.-
811 2651 1042 2699 Cherusci
1065 2652 1152 2699 Vi-

243 2719 423 2781 surgim
457 2719 578 2767 inter
610 2728 658 2767 et
693 2706 876 2777 Albim,
907 2718 983 2766 the
1018 2718 1151 2779 Elbe,

244 2785 543 2844 habitabant,
568 2786 651 2832 ubi
674 2801 808 2834 nunc
833 2786 910 2834 tlte
929 2792 1076 2834 states
1101 2786 1162 2852 of
1249 2787 1475 2850 Ipsosque
1499 2783 1766 2833 Germaniae
1789 2785 1986 2834 Penates
2011 2783 2156 2842 Deos,

1246 2854 1315 2902 ita
1360 2855 1528 2911 dictos,
1578 2859 1693 2900 teste
1730 2850 1894 2900 Tullio
1935 2852 1994 2898 de
2039 2850 2157 2898 Nat.
2230 2863 2257 2914 „f

1249 2922 1393 2971 Deor.
1419 2936 1480 2969 11.
1504 2925 1587 2969 28.
1641 2916 1718 2966 Ab
1743 2934 1810 2975 eo,
1834 2919 1955 2980 quod
1967 2917 2159 2980 penitus
2240 2934 2241 2937 ’

1251 2980 1452 3036 insident
1470 3008 1490 3044 ,-
1528 3004 1582 3034 ex
1603 3002 1691 3049 quo
1727 2986 1865 3033 etiam
1891 2984 2159 3048 penetrales*

246 2852 532 2917 Lunenburg
554 2853 648 2900 and
670 2853 961 2901 Brunswick.

313 2916 332 2944 ³
355 2919 438 2967 An
460 2919 632 2968 Coesar.
702 2920 1034 2970 Germanicus.

309 2985 580 3035 ‘'Militaria
602 2988 738 3036 dona.
809 2989 885 3036 De
924 2988 1001 3048 hisx
1024 2985 1151 3033 mili-

244 3055 426 3102 taribus
444 3055 579 3104 donis
599 3056 786 3108 dictum
806 3070 951 3120 supra
967 3057 1094 3119 Ann.
1112 3069 1150 3102 1.

243 3128 327 3169 44.
350 3122 398 3168 in
422 3129 522 3170 not.
540 3129 587 3168 et
608 3123 792 3171 emend.

313 3187 330 3216 ⁵
368 3188 565 3237 Diversi
601 3190 866 3238 ordiuntur.
935 3187 1150 3252 Uterque

245 3272 414 3304 causas
453 3273 563 3306 suas
606 3264 653 3304 et
699 3257 899 3306 consilia
941 3257 1180 3320 proferre-

245 3324 407 3386 coepit,
430 3324 613 3370 diversa
629 3325 751 3371 inter
763 3341 811 3371 se
825 3331 872 3372 et
894 3325 1148 3375 contraria.

309 3386 335 3413 ⁶
361 3391 480 3454 Opes
497 3390 710 3440 Caesaris.
781 3391 1074 3439 Germanici.

286 3473 290 3476 ·
306 3453 327 3478 ⁷
346 3458 513 3521 Neque
527 3461 784 3521 conjugem.
807 3458 979 3522 Neque
994 3459 1148 3510 Thus-

242 3524 450 3584 numam,
475 3526 680 3575 Arminii
703 3527 970 3589 conjugem,
994 3542 1147 3588 neque

242 3592 396 3638 filium
430 3592 532 3655 ejus
553 3592 891 3640 Thunielicum
914 3593 1147 3640 hostiliter

241 3657 424 3718 haberi.
494 3660 650 3726 Supra
674 3658 800 3708 Ann.
824 3674 860 3708 1.
886 3663 965 3715 57.
1020 3659 1145 3709 Vide
1175 3666 1180 3701 ὲ

1317 2715 1336 2744 ⁸
1391 2718 1667 2766 Penetrales
1714 2713 1978 2764 Germanice
2010 2713 2158 2766 Deos.

1246 3056 1277 3102 ὰ
1293 3056 1446 3120 poetis
1475 3061 1718 3102 vocantur.
1789 3051 1916 3100 Cum
1951 3053 2001 3102 in
2035 3050 2156 3098 anti-
2235 3061 2237 3063 ·

1248 3124 1355 3185 quis
1407 3122 1544 3169 libris
1598 3121 1835 3168 scribatur
1897 3118 2155 3182 penetralis
2247 3133 2250 3139 “

1248 3189 1514 3238 Germaniae
1562 3189 1708 3246 Deos,
1744 3186 1941 3249 quidam
1983 3185 2158 3233 intelli-
2232 3175 2259 3248 {5

1244 3267 1364 3320 gunt
1405 3255 1645 3304 interioris
1688 3254 1950 3302 Germaniae
1985 3254 2151 3304 Deos.-

1245 3340 1331 3373 nec
1354 3324 1608 3371 attendunt
1622 3321 1878 3385 penetralis
1898 3320 2059 3377 scribi,
2099 3329 2155 3367 ut
2233 3321 2248 3383 5

1244 3392 1294 3438 in
1330 3390 1538 3439 nummis
1578 3389 1644 3440 01ss
1683 3389 1830 3436 cIvIs
1865 3390 2150 3435 s'nRvA'ros.
2235 3391 2245 3438 ς’

1246 3459 1433 3506 Locum
1479 3458 1608 3508 hunc
1650 3454 1810 3504 Taciti
1867 3455 1985 3501 citat
2026 3454 2153 3505 Rob.
2234 3468 2265 3512 j

1247 3526 1529 3589 Stephanus,
1553 3524 1632 3570 sed
1667 3523 1907 3579 vitiosum,
1938 3533 1985 3568 et
2009 3516 2152 3584 prava

1244 3592 1628 3656 interpretatione
1682 3588 1989 3637 vitiosiorem.
2050 3587 2153 3646 *Sit
2236 3583 2265 3620 Ἴ

1230 3660 1355 3709 satis
1371 3659 1609 3714 monuisse
1632 3666 1688 3709 ut
1704 3655 2000 3708 emendetur.
