2268 3964
209 156 325 209 xxiv
942 152 1379 208 PRAEFATIO,

210 321 469 389 Africae
506 319 1004 410 proconsulem,
1054 319 1368 408 pecuniis
1403 320 1495 386 ob
1531 321 1928 391 innocentes
1968 344 2130 391 con-

131 494 143 511 ,
212 439 666 521 demnandOS,
724 438 1232 508 interficiendos
1289 439 1524 519 etiam,
1597 444 1903 532 acceptis
1959 443 2133 510 infa-

211 582 419 641 mem,
491 564 956 643 accusassent,
1032 567 1334 638 senatUS,
1403 559 1709 627 criminis
1769 563 2135 630 atrocitate

207 689 460 762 motUS,
507 680 830 749 Tacitum
866 680 1307 770 Pliniumque
1339 679 1421 746 iis
1473 679 1711 749 adesse
1746 683 1989 771 jussit:
2041 689 2134 760 et,

210 806 288 866 ut
338 802 493 891 plus
527 799 944 869 celebritatis
977 801 1173 879 foret,
1225 798 1701 897 Princepsque
1756 802 2137 880 interesset,

209 917 424 987 dilata
459 921 790 1011 cognitio.
894 919 1081 987 Acta
1137 919 1420 998 tandem
1478 944 1686 989 causa
1725 921 2136 1011 frequentis-

208 1039 381 1107 simo
413 1052 680 1130 senatu,
730 1041 892 1109 cum
944 1041 1299 1131 TrajanUS,
1349 1041 1422 1108 in
1462 1039 1732 1108 Urbem
1766 1041 2006 1120 redUX,
2064 1047 2137 1107 et

205 1163 448 1229 consul
482 1163 783 1243 tertium,
833 1186 1018 1230 anno
1056 1159 1272 1229 Urbis
1309 1159 1632 1229 Conditae
1680 1169 1838 1233 853.
1900 1161 2135 1252 praesi-

204 1279 418 1349 deret.
516 1281 855 1350 Triduum
933 1285 1004 1350 in
1070 1282 1203 1350 hac
1269 1283 1666 1374 cognitione
1730 1283 2134 1350 insumtum.

201 1399 464 1470 Plinius
501 1401 958 1483 Mattianum,
999 1403 1121 1493 qui
1155 1401 1388 1471 Mario
1420 1403 1875 1470 immanitatis
1909 1403 2134 1470 socius

199 1522 446 1604 fuerat,
481 1526 838 1615 corripuit.
934 1523 1272 1592 Frontoni
1307 1523 1532 1604 Catio,
1577 1525 1701 1615 qui
1734 1547 1859 1614 pro
1897 1522 2131 1592 Mario

200 1642 557 1734 insigniter
588 1645 787 1727 dixit,
835 1643 1120 1712 Tacitus
1155 1645 1510 1735 respondit
1537 1643 2131 1734 eloquentissime,

195 1772 267 1830 et
320 1764 516 1854 ,quod
575 1765 910 1832 eximium
963 1766 1259 1832 orationi
1321 1767 1466 1857 ejus
1512 1766 1756 1846 inerat,
1805 1766 2123 1857 graviter.

197 1880 539 1951 Damnati
594 1885 781 1953 fuere
862 1883 1130 1952 Marius
1192 1893 1264 1952 et
1328 1884 1745 1953 Martianus,
1844 1886 1932 1953 In
1990 1886 2127 1954 fine

195 2004 553 2072 sententiae
608 2005 978 2097 adjectum,
1055 2003 1324 2095 “quod
1380 2004 1669 2073 Tacitus
1727 2015 1801 2073 et
1857 2004 2123 2073 Plinius

192 2130 236 2161 ‘⁶
271 2125 583 2217 injuncta
603 2126 1062 2195 advocatione
1083 2126 1447 2217 diligenter
1469 2126 1878 2216 fortiterque
1898 2126 2124 2197 functi

194 2250 241 2302 .“
277 2256 526 2326 essent,
595 2246 912 2314 arbitrari
978 2255 1294 2314 senatum
1358 2247 1457 2314 ita
1521 2270 1636 2314 eos
1701 2248 1964 2327 fecisse,
2046 2255 2128 2315 ut

200 2371 240 2402 ‘⁶
279 2366 571 2458 dignum
605 2367 951 2436 mandatis
986 2367 1297 2462 partibus
1334 2367 1601 2434 fuerit.”
1626 2371 1642 2395 ¹
1741 2366 1949 2436 Pares
1982 2368 2131 2435 lau-

199 2486 402 2555 dibus
437 2489 602 2557 fecit
639 2498 937 2570 senatus,
987 2510 1163 2578 quos
1214 2487 1459 2564 eadem
1509 2487 1722 2556 ferme
1758 2496 1949 2570 aetas,
1999 2512 2128 2580 par

199 2606 522 2698 dignitaS,
572 2611 958 2678 studiorum
991 2621 1063 2677 et
1119 2610 1514 2677 animorum
1550 2609 1928 2676 similitudo
1962 2607 2126 2678 ante

199 2729 675 2818 conjunxerat,
725 2732 799 2798 in
852 2734 1111 2822 magna.
1159 2731 1459 2800 nominis
1514 2730 1914 2799 celebritate
1962 2753 2152 2799 con-·

199 2849 459 2917 cordes

204 3151 208 3155 .
293 3090 546 3159 Nullus
603 3093 784 3161 enim
817 3092 1066 3162 Tacito
1098 3115 1334 3184 pravae
1367 3089 1828 3160 aemulationis
1863 3110 2118 3157 sensus

195 3209 424 3280 Immo
480 3222 703 3283 certus
761 3214 1013 3292 decora
1080 3215 1358 3307 ingenia
1407 3214 1758 3282 literarum
1810 3234 2122 3280 commu-

841 3513 862 3539 ·
905 3506 1045 3564 Plin.
1071 3509 1243 3582 Epist.
1273 3527 1340 3564 11.
1386 3518 1467 3565 11.

2261 430 2268 527 ἒ

2262 531 2268 602 ³
