2268 3964
280 188 374 242 52³
767 175 971 224 NOTAE
1008 174 1091 223 ET
1126 174 1672 226 EMENDATIONES

352 400 498 454 CAP.
536 405 623 451 28.
664 396 735 449 Et
762 414 843 448 ore
868 415 927 448 ac
952 394 1195 446 distinctu
1210 394 1515 463 pinnarum*
1586 392 1667 445 Ita
1689 393 1813 446 libri·
1830 414 2003 448 omnes
2033 395 2180 464 editi.⁷

279 491 471 548 Mailet
514 491 757 551 Pichena,
807 487 963 539 colore
1018 505 1078 537 ac
1126 485 1370 538 distinctu
1408 485 1717 554 pimearum;
1769 485 1906 538 nulla
1946 486 2172 540 mutandi

276 584 559 639 necessitas.
637 581 722 632 De
745 580 853 648 ejus
877 578 1044 630 forma
1078 588 1128 628 et
1164 576 1335 628 colore
1364 575 1579 639 Plinius,
1607 595 1665 628 x.
1689 584 1740 629 2.
1779 583 1814 607 “
1836 576 1974 630 Ante
1998 596 2172 630 omnes

249 697 254 699 ’
278 676 507 729 nobilem
532 672 849 743 Arabiasemf
883 662 1211 731 Phoenicem,
1249 670 1384 720 haud
1421 668 1527 720 scio
1552 688 1615 720 an
1640 667 1890 734 fabulose,
1927 689 2083 722 unum
2119 669 2173 721 in

280 777 390 820 toto
431 768 571 830 orbe,
610 782 703 815 nec
728 763 887 814 visum
914 761 1239 829 magnopere.
1313 759 1518 829 Aquilae
1554 771 1784 812 narratur
1814 761 2172 829 magnitudine,

280 857 607 926 aurifulgore
632 855 767 907 circa
789 852 939 916 colla,
964 865 1131 905 cetero
1157 870 1456 921 purpureuS,
1483 838 1941 907 coer'uleamiroseis
1959 855 2174 906 caudam
2265 930 2268 935 .

281 949 459 1021 pennis
505 930 938 1015 distinguentibus,
985 943 1148 997 cristis
1210 945 1402 1007 fauces,
1462 954 1720 1014 caputque
1774 943 1982 1014 plumeo
2028 945 2175 1014 apice
2263 939 2268 1003 f

183 1061 191 1068 ·
280 1038 626 1094 honestante.''

355 1131 596 1185 Formam
633 1132 737 1202 ejus
772 1129 1020 1199 definiere.
1094 1126 1176 1180 Ita
1205 1127 1321 1179 libri
1357 1144 1532 1180 omnes
1570 1126 1708 1179 editi.
1783 1125 1847 1179 In
1879 1127 2007 1182 MS.
2034 1125 2173 1183 Flor.

283 1223 556 1291 Deffinere.
629 1221 778 1273 Unde
817 1239 1078 1290 perperam
1111 1230 1270 1272 tentat
1303 1219 1544 1284 Pichena,
1592 1217 1838 1288 effinxere.
1913 1220 2178 1291 Bipontini

279 1294 486 1380 addunt,
523 1312 702 1376 melius
730 1315 862 1364 forte
887 1311 1038 1384 fuerit
1059 1311 1343 1381 depinxere.
1418 1308 1614 1376 Melius
1638 1310 1841 1381 quidem
1866 1314 2179 1367 correctione
2213 1315 2225 1321 ’

281 1406 538 1470 Pichenae,
563 1424 664 1457 non
688 1404 808 1456 item
833 1403 1047 1456 lectione
1071 1402 1293 1471 vulgata.
1321 1402 1386 1454 Β.
1405 1402 1469 1454 C.
1498 1419 1566 1454 11.
1588 1420 1669 1468 vr.
1694 1404 1781 1457 65.

359 1478 769 1569 Quingentdruni
788 1496 1024 1566 spacium.
1102 1494 1318 1558 Plinius,
1352 1512 1410 1545 x.
1438 1501 1488 1546 2.
1523 1493 1593 1545 ait
1618 1491 1917 1548 Phoenicem
1952 1476 2176 1551 “⁴vivere

281 1589 422 1644 annis
465 1588 748 1660 quingentis
794 1587 1110 1659 sexaginta?
1165 1586 1234 1639 ita
1282 1585 1495 1638 totidem
1543 1586 1789 1656 apicibus,
1837 1587 1965 1660 MS.
2007 1600 2180 1643 noster
2244 1607 2248 1611 ·

284 1681 443 1736 Plinii
467 1682 645 1733 codex.
719 1678 802 1731 Ita
827 1699 1029 1750 quoque
1052 1677 1167 1730 libri
1192 1674 1398 1730 veteres.
1423 1684 1429 1692 “
1474 1676 1645 1747 Miror
1671 1677 1755 1732 Cl.
1778 1678 2103 1735 Harduinum
2126 1681 2179 1735 in

279 1772 448 1846 priore
472 1773 565 1826 sua
586 1771 825 1835 editione,
844 1772 991 1824 annis
1006 1783 1152 1847 DXL.
1172 1770 1224 1823 in
1250 1770 1544 1840 posteriore,
1571 1771 1718 1823 annis
1741 1784 1875 1824 DIX.
1902 1773 2175 1844 scripsisse.

356 1866 642 1938 Sexaginta
679 1885 836 1919 unum
877 1866 1114 1938 interfici.
1190 1865 1251 1917 In
1297 1865 1597 1937 quibusdam
1638 1866 1942 1919 editionibus
1979 1867 2179 1937 legitur,

282 1962 520 2016 suadente
560 1959 795 2024 Muret0,
830 1968 945 2011 sunt
980 1960 1069 2030 qui
1109 1959 1416 2023 adseverent,
1455 1956 1591 2010 mille
1620 1957 2016 2030 quadringentos
2037 1955 2180 2014 seoed-
2235 2006 2245 2036 ἡ,

277 2053 462 2127 ginta.-
499 2070 653 2103 unum
682 2051 735 2102 in
761 2051 926 2114 terr-iS,
959 2051 1010 2102 id
1034 2060 1126 2116 est,
1149 2069 1306 2102 unum
1329 2050 1383 2102 in
1407 2051 1553 2102 terris
1575 2068 1683 2102 esse
1714 2050 2017 2120 phoenicem.
2093 2053 2181 2108 Sic

281 2144 604 2216 praeposteris
658 2135 1088 2196 emendationibus
1139 2141 1479 2195 adulterantur
1528 2153 1754 2195 veterum
1811 2145 2017 2215 scripta.
2087 2139 2183 2200 Ait

222 2238 230 2240 ³
281 2235 494 2292 Tacitus
519 2237 765 2306 quosdam
788 2237 1078 2287 adseverare
1105 2234 1404 2287 Phoenicem
1428 2235 1591 2287 vivere
1615 2254 1770 2288 annos
1788 2235 1926 2288 mille
1949 2237 2183 2308 quadrin-

282 2329 459 2399 gentos
495 2328 753 2397 sexaginta
788 2347 973 2397 unum:
1015 2327 1147 2379 idem
1187 2328 1345 2379 ferme
1385 2326 1535 2379 tradit
1574 2326 1789 2393 Plinius,
1808 2347 1886 2394 Nx.
1911 2337 1962 2382 2.
2002 2335 2038 2360 “
2060 2349 2190 2384 cum·

282 2421 430 2491 hujus
466 2419 594 2472 alitis
627 2420 732 2472 vita
756 2420 925 2489 magni
949 2419 1327 2472 conversionem
1366 2419 1479 2471 anni
1511 2418 1621 2471 fieri
1656 2419 1877 2488 prodidit
1915 2420 2179 2488 Manilius,
2264 2466 2265 2487 2

279 2512 564 2582 iterumque
588 2511 978 2581 significationes
1012 2507 1372 2583 tempestatum
1396 2522 1447 2564 et
1479 2511 1697 2564 siderum
1722 2515 1921 2567 easdem
1955 2515 2182 2569 reverti.’'

200 2644 202 2647 v
285 2604 417 2663 Quae
458 2604 662 2674 quidem
700 2606 762 2656 de
802 2603 964 2673 Cyclo
1007 2604 1127 2657 solis
1171 2623 1261 2680 per
1300 2603 1518 2671 Cyclum
1558 2604 1690 2657 lunae
1728 2605 2094 2690 multiplicato,
2132 2619 2184 2662 et

279 2694 493 2768 periodo
519 2715 762 2752 annorum
787 2703 908 2750 532.
936 2715 1202 2767 perperam
1226 2697 1580 2766 interpretatur
1606 2697 1691 2751 Cl.
1715 2698 2023 2779 Harduinus.
2051 2682 2193 2770 'Hic'

282 2787 416 2840 enim
439 2789 600 2857 agitur
624 2791 686 2840 de
709 2789 878 2858 magni
897 2790 1012 2842 anni
1037 2795 1384 2853 conversione,
1406 2789 1457 2841 in
1476 2790 1718 2860 qua'post
1736 2810 1890 2844 annos
1910 2793 2184 2863 AEgyptios
2260 2806 2261 2809 ’

271 2881 446 2933 1460.
516 2879 748 2934 Julianos
791 2882 909 2933 vero
954 2883 1105 2935 1461.
1148 2883 1341 2951 primus
1381 2882 1485 2934 dies
1523 2882 1704 2935 mensis
1740 2884 1915 2936 Thoth
1948 2886 2011 2936 ad
2047 2885 2180 2938 idem
2252 2915 2259 2953 q

280 2971 522 3032 ,caniculae
545 2974 852 3043 principium
883 2974 1168 3028 revolvitur.
1243 2975 1331 3028 Ab
1356 2994 1418 3027 eo
1451 2975 1720 3028 deflexerat
1758 2976 2023 3047 quotannis
2046 2978 2183 3031 horis
2253 2999 2256 3050 ᾗ

283 3083 391 3129 sex,
428 3067 544 3134 quia
575 3047 810 3135 AEgyptii
831 3066 1029 3119 civilem
1070 3087 1255 3120 annum
1294 3068 1548 3122 habebant
1576 3067 1770 3124 dierum
1795 3070 1917 3122 365.
1942 3068 2046 3122 sine
2076 3068 2183 3122 ullo
2251 3055 2260 3124 s

280 3154 578 3208 interkalari.
653 3156 751 3210 Illa
791 3169 866 3211 est
908 3158 1236 3212 celeberrima
1276 3159 1442 3229 magni
1484 3160 1598 3212 anni
1639 3161 1919 3223 conversi0‚
1952 3151 2183 3232 et'quasi

283 3248 533 3316 reparatio
559 3249 785 3314 Zodiaci‚
811 3234 1212 3315 dmum-doras&
1236 3256 1315 3305 τοῦ
1340 3256 1595 3318 Ζωδιακοῦ,
1616 3272 1767 3324 quam
1785 3273 1874 3309 ave
1895 3253 2004 3309 Soli
2022 3254 2190 3320 sacra,
2226 3246 2253 3289 '²

283 3349 336 3391 et
380 3359 443 3390 ex
489 3360 539 3393 se
588 3353 877 3395 renascente
925 3347 1310 3416 adumbrabant,
1372 3347 1504 3398 unde
1564 3355 1680 3399 nata
1720 3328 1857 3416 apud
1908 3347 2182 3416 AEgyptios

284 3430 546 3484 Phoenicis
572 3435 772 3487 fabula.·
814 3435 900 3491 De
917 3435 1016 3488 hac
1042 3438 1255 3507 periodo
1281 3436 1524 3502 sothiaca,
1542 3456 1629 3489 3611
1649 3437 1940 3503 caniculari,
1966 3438 2183 3508 plurima
2229 3471 2241 3512 g

283 3522 439 3594 habet
486 3523 722 3579 Petavius
771 3527 823 3580 in
865 3529 1148 3582 Auctuario
1185 3532 1246 3582 de
1290 3529 1477 3584 Doctr.
1515 3530 1705 3601 Temp.
1740 3549 1792 3583 v·
1830 3531 1865 3583 6
1902 3540 1954 3622 evt
1989 3549 2094 3601 seq.
2131 3534 2183 3580 et
2240 3584 2241 3588 ,
