2268 3964
290 209 390 255 432
786 201 992 251 NOTAE
1031 203 1115 251 ET
1151 203 1707 255 EMENDATIONES

361 370 512 425 CAP.
551 377 637 424 85.
713 369 975 424 Exactum
1023 382 1071 425 et
1108 369 1141 425 ὰ
1189 371 1400 425 Titidio.
1474 369 1540 424 In
1586 371 1839 426 veteribus
1883 372 2207 440 editionibus,

288 474 483 517 exacta.
560 462 705 517 Bene
733 464 1028 518 Vertranius
1054 476 1104 518 et
1128 464 1451 529 recentiores,
1481 473 1732 518 exactum.
1799 448 2030 521 ¹Faernus
2050 477 2212 520 tenta-

295 561 400 622 bat,
426 566 605 611 exacta
631 558 791 610 ratiO.
1911 562 1915 569 '

362 649 595 703 Necdum
610 649 933 722 prseteriisse.
1008 647 1090 701 Ita
1115 660 1306 703 veteres
1325 649 1472 716 libri3
1509 661 1560 703 et
1584 670 1725 716 mox,
1745 650 2071 706 interiissent.
2146 654 2211 712 In

287 743 647 797 recentioribus
672 741 993 806 editionibus,
1004 742 1307 812 praeterisse,
1342 742 1650 798 interissent.

366 835 418 890 V
413 837 699 889 eherentur.
773 833 964 887 Malim
1002 835 1385 889 deveherentur.
1461 836 1623 890 Misc.
1667 837 1801 891 Obs.
1841 857 1930 892 lx.
1958 846 2083 894 388.

368 927 420 982 V
415 929 482 982 ile
510 929 770 982 damnum.
848 926 1220 980 Freinshemius
1265 927 1517 981 incassum
1563 940 1738 998 tentat,
1778 931 1903 986 utile
1945 932 2208 989 damnum.

291 1021 376 1076 Cf.
403 1022 673 1075 Ruhnken.
694 1023 758 1074 ad
781 1020 915 1074 Vell.
937 1020 1139 1074 Patere.
1170 1039 1239 1074 11.
1257 1023 1346 1076 46.
1380 1030 1462 1075 14.

366 1199 514 1253 CAP.
559 1201 646 1253 86.
728 1197 1016 1252 Vestalibus
1037 1199 1210 1251 sacris
1284 1199 1416 1250 Vide
1442 1197 1717 1252 Z’Histoz're
1734 1200 1818 1254 des
1850 1199 2087 1270 Vestales,
2102 1223 2211 1275 par
2264 1272 2268 1278 ,

291 1292 481 1346 l'Abbe
510 1291 711 1356 Naclal,
735 1291 788 1343 in
813 1291 898 1342 the
920 1289 1193 1343 stIe‘moires
1218 1290 1278 1343 de
1304 1290 1622 1344 l'Acade-mie
1647 1292 1730 1346 des
1751 1288 2109 1366 Inscriptions.

366 1384 605 1438 Discidio
653 1385 873 1436 domum.
956 1381 1036 1435 Ita
1081 1382 1208 1435 MS.
1259 1382 1400 1436 Flor.
1438 1395 1490 1436 et
1531 1383 1647 1437 libri
1696 1406 1872 1440 omnes
1924 1398 2114 1441 veteres
2157 1400 2211 1445 et
2262 1374 2268 1459 ξ

292 1479 612 1533 recentiores.
686 1475 750 1528 In
788 1476 1114 1540 intermediiS,
1140 1476 1370 1528 dissidio.
1445 1476 1520 1530 At
1545 1477 1660 1530 viris
1701 1479 1908 1534 eruditis
1947 1491 1998 1534 et
2036 1480 2210 1533 MSS.
2259 1481 2268 1544 j

291 1572 528 1625 codicum
567 1569 741 1640 peritis
775 1569 957 1622 merito
993 1572 1334 1634 observatum,
1361 1568 1569 1622 dissidio
1607 1571 1671 1625 de
1702 1571 1990 1625 animorum
2023 1573 2212 1627 dissen-
2256 1572 2268 1657 ξ

292 1664 450 1730 sione,
470 1663 737 1717 discidzum
759 1664 821 1715 de
848 1681 1125 1732 corporum
1145 1661 1482 1734 disjunctione
1504 1664 1752 1733 usurpari.
2259 1654 2262 1660 ¹

365 1758 551 1812 Decies
575 1756 810 1809 sestertii.
886 1755 1036 1808 Male
1062 1756 1298 1807 emendat
1322 1754 1536 1808 Ursinus
1539 1797 1557 1821 ,
1583 1756 1743 1810 decies
1765 1749 2063 1812 sestertium.

2250 1872 2268 1902 ,Ἀ

364 1925 453 1979 CA
465 1944 516 1978 P.
545 1932 632 1979 88.
710 1923 1077 1996 Senatoresque
1102 1923 1387 1976 eorumdem
1411 1933 1711 1995 temporum.
1788 1924 1995 1996 Lipsius
2020 1937 2072 1980 et
2097 1928 2210 2000 qui·
2240 1916 2268 1999 ’Ξ

287 2022 408 2072 darn
433 2018 517 2071 alii
540 2012 766 2082 mallent,
791 2018 1120 2089 senioresque.
1196 2016 1569 2070 Freinshemius
1595 2017 1779 2090 aliique
1803 2018 2010 2090 plurimi
2037 2020 2210 2091 vulga·
2256 2026 2268 2062 ἱ

290 2125 393 2167 tam
439 2112 755 2182 scripturam
778 2111 961 2163 merito
1011 2122 1231 2164 tuentur.
1305 2109 1368 2163 Id
1410 2111 1545 2163 enim
1594 2111 1782 2182 reperit
1815 2113 2028 2167 Tacitus
2071 2117 2212 2186 apud
2252 2082 2268 2179 Ξ

291 2226 371 2260 scr
373 2206 578 2276 iptores,
599 2216 651 2258 et
667 2204 719 2257 in
738 2203 902 2256 diariis
926 2215 1214 2257 senatorum
1234 2203 1366 2256 illius
1386 2204 1648 2274 temporis.
2251 2182 2268 2289 ξ

370 2299 695 2371 Cuniturque
728 2299 910 2352 adhuc.
986 2297 1248 2351 Arminius
1276 2317 1379 2350 non
1415 2298 1544 2350 inter
1579 2298 1740 2367 gentis
1777 2300 1955 2354 heroas
1991 2301 2207 2368 tantum,
2247 2301 2268 2392 ξ

290 2393 381 2446 sed
415 2392 542 2446 inter
579 2392 718 2462 ipsos
747 2391 893 2444 Deos
917 2391 1150 2457 hibitus3
1188 2390 1424 2461 idemque
1449 2390 1630 2460 postea
1655 2390 1750 2445 fuit
1786 2411 1844 2445 ac
1871 2392 2018 2446 Deus
2057 2392 2208 2448 Ixmi-
2239 2394 2265 2468 ᾇ

289 2507 418 2540 nus:
458 2485 638 2557 viaque
686 2485 848 2537 lactea
890 2483 1148 2555 appellata
1187 2494 1262 2536 est
1307 2483 1654 2548 Irminstrate,
1695 2503 1785 2537 seu
1828 2485 2067 2539 Arminii
2099 2487 2207 2541 via.
2250 2495 2251 2498 ’

293 2579 422 2650 Ejus
463 2590 696 2642 statuam,
740 2578 928 2631 dictam
972 2576 1331 2641 Irmensulam,
1371 2579 1590 2629 barbaro
1625 2576 1766 2630 cultu
1806 2567 2268 2646 celeberrimam,

293 2671 589 2741 Eresburgi,
628 2691 759 2724 nunc
789 2670 1084 2742 Stadtberg,
1124 2669 1368 2723 destruxit
1408 2669 1624 2722 Carolus
1664 2669 1889 2739 Magnus
1924 2690 2054 2724 anno
2081 2678 2206 2731 77⁶2.
2232 2674 2234 2679 ’
2263 2697 2268 2735 3

294 2766 398 2818 Sed
434 2776 620 2830 manet,
657 2764 982 2834 manebitque
1021 2782 1240 2834 semper,
1283 2762 1469 2825 herois,
1519 2762 1730 2816 meliore
1767 2765 1874 2816 fato
1912 2763 2063 2833 digni,
2100 2759 2231 2817 me·-x

289 2858 468 2912 moria.
546 2857 633 2911 De
673 2857 816 2915 cultu
862 2856 1083 2909 Arminii
1127 2856 1254 2908 vide'
1277 2854 1360 2909 Cl.
1409 2855 1723 2922 Eccardum,
1766 2856 1914 2924 Orig.
1958 2857 2207 2909 German.
2266 2866 2268 2908 i

288 2971 342 3022 p.
368 2958 490 3006 305.
517 2963 568 3004 et
594 2949 942 3004 Commentar.
969 2951 1030 3000 de
1059 2948 1236 3001 Rebus
1263 2948 1489 3001 Franciae
1516 2947 1763 3001 Oriental.
1789 2948 1910 3001 Vol.
1937 2966 1975 2999 1.
2001 2967 2054 3018 p.
2079 2950 2227 3003 406:

287 3048 396 3099 436
441 3056 491 3098 et
529 3046 652 3098 620.
730 3043 858 3113 Ejus
907 3062 1143 3094 nummos
1192 3041 1553 3112 imaginesque,
1600 3061 1713 3112 quae
1764 3041 2206 3108 circumferuntur,
2251 3040 2253 3048 '

289 3138 461 3208 spuria
484 3156 592 3190 esse
615 3155 766 3188 nemo
787 3155 931 3205 lvnol
935 3146 1000 3187 at

364 3229 536 3283 Haud
544 3229 762 3300 perznde
781 3228 1006 3281 celebris.
1047 3204 1250 3297 Optimi
1273 3227 1467 3280 Latinae
1488 3225 1669 3296 linguae
1692 3226 1980 3297 scriptoreS,
2001 3225 2206 3292 celeber,
2243 3266 2245 3269 .

288 3341 386 3393 pro
423 3321 701 3375 masculino
736 3340 916 3390 genere
956 3332 1217 3391 usurpant.
1292 3319 1368 3373 At
1403 3321 1522 3372 cum
1561 3320 1690 3372 infra
1727 3319 1913 3373 Annal.
1943 3337 2087 3372 xl11.
2112 3326 2222 3376 47.·’

290 3431 421 3478 xxv,
454 3422 535 3474 19.
561 3414 722 3469 adhuc
758 3423 1009 3479 occurrat,
1035 3413 1241 3467 celebris
1258 3433 1274 3475 ;
1312 3424 1363 3466 et
1400 3424 1578 3465 auctor
1603 3414 1666 3463 ad
1693 3399 2032 3477 Herennium,
2061 3429 2127 3463 Π.
2154 3419 2205 3465 4.
2243 3398 2248 3486 ’Ἴ

288 3506 468 3560 dixerit
510 3524 734 3577 quoque,
786 3505 1012 3571 celebris,
1071 3525 1140 3558 an
1196 3504 1455 3558 desertus?
1506 3503 1629 3556 nihil
1678 3506 1977 3564 mutandum
2021 3502 2204 3558 merito

285 3598 578 3670 pronuntiat
603 3598 864 3667 ErnestuS,
885 3598 1011 3654 licet
1029 3599 1136 3670 ipse
1157 3598 1410 3670 conjiciat,
1437 3596 1733 3652 celebratus.
2241 3585 2245 3601 ⁴
