2268 3964
301 181 403 241 496
809 171 1028 225 NOTAE‘
1046 176 1132 224 ET
1167 176 1721 231 EMENDATIONES
1756 140 1761 143 *

375 355 526 410 CAP.
593 361 675 415 19.
741 352 987 407 Sacrovir
1042 352 1134 405 diu
1161 352 1546 421 dissimulatus,
1657 356 1954 428 Explicatio
2014 359 2209 416 Illustr.

302 446 506 512 Huetii,
535 437 661 499 licet
697 432 904 498 minime
930 444 1231 516 probabiliS‚
1267 447 1401 499 haud
1437 458 1607 502 tamen
1644 448 1850 522 silenda.
1923 459 1958 485 “
1984 454 2208 525 Vulgo,''

299 542 478 614 inquit,
516 546 552 571 “
575 548 856 609 exponunt,
895 539 1158 610 objectum
1198 549 1275 592 est
1307 539 1381 591 illi
1418 541 1560 611 quod
1595 542 1848 595 Sacroviri
1877 545 2207 600 rebellionem

298 635 384 692 diu
430 625 809 687 dissimulasset.
853 660 856 665 ·
902 630 1045 691 Quid
1092 630 1133 683 si
1192 631 1261 684 ita
1307 631 1717 703 interpretemur,
1774 636 1915 706 quod
1970 639 2206 692 adversus

240 771 245 787 ,
298 726 626 785 Sacrovirum
669 741 778 803 rem
815 722 1057 795 praeclare
1098 723 1347 793 gessisset,
1386 725 1474 777 diu
1513 726 1564 778 id
1585 726 1973 782 'dissimularunt
2005 750 2211 785 accusa-

256 880 259 885 *
294 830 450 886 toreS,
488 839 552 871 ne
590 820 816 873 favorem
855 836 943 869 reo
970 816 1331 870 conciliarent?
1368 818 1596 871 Tantum
1633 823 1912 890 arguebant
1947 822 2204 878 avaritiam

1309 909 1336 931 52

292 913 344 968 in
376 911 610 976 victoria,
642 922 694 963 et
724 909 892 962 Sosiae
920 910 1091 962 uxoris
1117 911 1306 963 sordes.
1410 910 1546 964 Haec
1573 901 1777 983 quidem
1804 914 2062 983 ingeniosa
2098 935 2207 968 esse

294 1024 447 1058 nemo
491 1003 815 1077 inficiabitur.
887 1002 924 1056 J
929 1023 1005 1055 ac.
1047 1002 1364 1067 Gronovius,
1425 1015 1483 1056 ut
1544 1004 1718 1074 nescio
1767 1006 1890 1077 quid
1936 1009 2207 1061 venustatis

294 1107 531 1162 sectetur,
556 1115 741 1148 novam
766 1093 1139 1158 distinctionem
1165 1095 1375 1160 inducit,
1414 1103 1451 1127 “
1479 1107 1728 1166 coguntur
1752 1109 1936 1169 patres.
2014 1100 2205 1154 Silente

294 1210 401 1256 re0,
426 1189 505 1243 vel
530 1188 572 1241 si
597 1187 943 1240 defensionem
977 1198 1246 1258 coeptaret,
1282 1208 1386 1240 non
1411 1189 1713 1258 occultante,
1738 1193 1883 1263 cujus
1907 1192 1984 1246 ira
2007 1190 2207 1262 preme·
2261 1204 2268 1239 1

293 1294 446 1350 retur,
469 1280 826 1345 conscientia?
851 1282 950 1333 Sec.

366 1462 516 1515 CAP.
554 1469 644 1534 ΞΩ.
685 1460 791 1514 Sed
836 1461 1142 1529 liberalitas,
1218 1462 1417 1531 Ryckio
1456 1462 1648 1516 videtur
1696 1464 1807 1517 haec
1844 1464 1997 1517 fuisse
2031 1464 2204 1529 Taciti
2256 1485 2258 1490 ’

291 1574 451 1620 mens,
477 1560 514 1586 “
536 1553 806 1607 Tiberium
830 1554 882 1606 in
901 1555 1000 1607 hac
1028 1553 1141 1607 Silii
1159 1555 1581 1609 condemnatione
1605 1557 1865 1610 recessisse
1889 1557 2111 1628 primum
2136 1560 2203 1612 ab
2252 1539 2254 1541 .

288 1647 570 1710 imitatione
604 1647 917 1700 abstinentiae
943 1658 994 1700 et
1029 1646 1341 1700 liberalitatis
1367 1649 1608 1719 Augusti,
1640 1648 1728 1720 qui
1764 1669 1866 1701 non
1902 1649 2203 1704 sustinuerat

290 1741 384 1795 nec
411 1761 474 1794 ex
499 1741 647 1794 bonis
673 1739 898 1806 illorum,
925 1740 1013 1811 qui
1036 1740 1258 1793 damnati
1282 1751 1438 1807 erant,
1463 1760 1673 1817 capere,
1690 1741 1733 1794 si
1755 1741 1808 1794 hi
1830 1741 2021 1796 liberos
2043 1734 2203 1796 habe·
2240 1795 2247 1813 ,J

216 1883 226 1887 -
290 1846 432 1900 rent3
473 1853 568 1887 nec
593 1854 655 1886 ex
682 1833 998 1887 testamentis
1026 1834 1325 1899 amicorum,
1351 1833 1437 1905 qui
1463 1843 1696 1904 parentes
1720 1829 1938 1887 essent.''
2011 1834 2207 1889 Existi-
2232 1874 2236 1879 -

287 1938 395 1981 mat
430 1927 644 1997 “igitur
684 1925 1117 1980 senatusconsulto
1156 1925 1328 1993 omnia
1365 1913 1501 1979 bona
1541 1926 1654 1980 Silii
1694 1927 1988 1980 confiscata.
2063 1927 2201 1982 Cum
2235 1944 2244 1998 J

286 2021 408 2090 vero
435 2031 616 2092 quarta
651 2019 857 2072 illorum
894 2039 1029 2089 parS,
1064 2040 1126 2088 ex
1163 2018 1277 2089 lege
1308 2018 1343 2072 J
1350 2018 1454 2071 ulia
1491 2019 1786 2090 majestatiS,
1825 2020 2202 2075 accusatoribus
2233 2047 2259 2086 g„

286 2114 576 2183 deberetur,
613 2112 730 2165 hinc
756 2105 806 2164 in
832 2112 1102 2165 duodecim
1129 2112 1269 2184 quasi
1303 2111 1477 2165 uncias
1514 2112 1622 2164 haec
1648 2112 1800 2166 dividi
1833 2115 2109 2180 debebant,
2144 2123 2202 2168 ut
2232 2099 2248 2176 ςῖ·

284 2205 384 2260 illis
410 2208 672 2277 quadrans,
708 2225 795 2258 seu
835 2216 934 2258 tres
977 2204 1136 2258 unciae
1175 2206 1448 2271 darentur3
1486 2184 1702 2258 dodrans
1727 2205 1867 2270 vero,
1905 2225 1993 2258 seu
2016 2226 2237 2259 novem

285 2298 448 2352 unciae
493 2299 836 2368 redigerentur
871 2297 923 2350 in
959 2280 1160 2350 fiscum.
1237 2298 1394 2358 Quod
1432 2299 1553 2350 cum
1599 2317 1733 2350 nunc
1778 2296 2001 2368 primum
2048 2298 2202 2352 fuerit

283 2391 595 2446 exsecutioni
633 2393 928 2444 mandatum
968 2392 1019 2444 in
1057 2410 1176 2444 casu
1214 2411 1317 2462 quo
1353 2392 1619 2443 damnatus
1656 2389 1844 2443 liberos
1880 2389 2200 2462 relinqueret,
2259 2414 2265 2453 j

283 2484 534 2538 exclamat
556 2485 820 2552 TacituS‚''
844 2487 931 2538 sed
956 2483 1231 2537 liberalitas
1248 2483 1469 2553 Augusti
1493 2482 1680 2549 avulsa,
1695 2483 2004 2554 computatis
2029 2483 2203 2555 singil-
2258 2490 2262 2549 ,'

281 2569 442 2644 latim,
481 2598 593 2650 quae
631 2578 757 2632 fisco
782 2580 1097 2649 petebantur.
1173 2577 1235 2631 In
1271 2577 1370 2629 hac
1410 2576 1750 2648 explicatione
1783 2575 1907 2629 nihil
1939 2576 2195 2630 nativum:

283 2689 498 2742 eamque
517 2673 748 2725 confutat
771 2670 850 2724 vel
877 2691 974 2723 una
998 2691 1098 2724 vox
1122 2670 1444 2742 singillatim.
1521 2669 1640 2730 Nec
1666 2668 1942 2722 audiendus
1969 2656 2198 2739 Lipsius,
2253 2727 2255 2730 Α

283 2764 372 2836 qui
408 2784 469 2817 ea
493 2767 555 2818 de
580 2766 829 2839 Augusti,
868 2765 920 2816 id
957 2773 1049 2830 est,
1080 2763 1280 2816 Tiberii
1316 2762 1619 2816 liberalitate
1657 2761 1864 2831 accipit,
1903 2761 2045 2832 quasi
2078 2773 2214 2835 tunc⁹
2267 2806 2268 2812 ,

282 2857 482 2924 avulsa,
507 2870 594 2912 aut
623 2871 681 2912 ut
706 2858 934 2928 corrigit,
960 2856 1198 2910 convulsa
1237 2856 1390 2909 fuerit
1425 2855 1640 2922 Tiberii,
1665 2855 1900 2908 adversus
1930 2854 2197 2924 pecuniam

282 2949 432 3005 antea
468 2951 587 3004 satis
623 2952 775 3017 firmi,
815 2949 1105 3004 liberalitas,
1181 2949 1316 3002 Haec
1344 2950 1486 3015 dura,
1519 2968 1614 3001 nec
1657 2967 1720 3000 ex
1755 2967 1848 2999 usu
1884 2945 2072 3011 Taciti,
2111 2944 2198 3016 qui
2243 2942 2247 2969 ¹

278 3029 551 3100 'Tiberium
598 3065 857 3116 nunquam
904 3044 1202 3113 Augustum
1249 3042 1540 3113 appellavit.
1579 3069 1584 3074 ·
1635 3040 1819 3094 Potior
1872 3049 1949 3091 est
1995 3037 2198 3108 vulgata
2240 3034 2259 3112 ξ’

280 3134 650 3209 interpretati0‚
698 3137 1067 3207 Freinshemio,
1127 3135 1343 3202 Hueti0‚
1401 3135 1638 3199 ErnestO,
1703 3131 1915 3208 aliisque
1964 3126 2196 3202 plurimis
2240 3151 2255 3212 ἐΞ

281 3232 516 3298 probata.
2238 3216 2240 3218 ’

358 3321 648 3377 Secundum
694 3322 1108 3378 necessitudinem
1157 3321 1297 3394 Iegis.
1387 3323 1519 3382 Quae
1571 3320 1636 3372 sit
1681 3318 1763 3371 lex
1811 3316 1897 3369 illa
1944 3312 2079 3367 haud
2126 3313 2194 3366 ita
2248 3331 2250 3366 ,t

282 3426 499 3488 constat.
575 3417 662 3470 De
706 3416 817 3487 lege
859 3415 1134 3487 majestatis
1176 3414 1532 3490 interpietatur
1574 3411 1800 3482 LipsiuS,
1843 3407 1962 3462 satis
2009 3409 2197 3477 proba-
2228 3419 2247 3499 ’ἐ

283 3505 471 3561 biliter.
544 3508 632 3560 Ab
668 3508 755 3560 illa
783 3509 963 3579 quarta
998 3518 1142 3579 parte
1179 3510 1435 3560 bonorum
1473 3525 1570 3576 pro
1609 3501 1944 3557 accusationis
1980 3496 2192 3570 praemio
2226 3506 2237 3553 t

281 3601 518 3671 accepta,
566 3611 888 3655 accusatores
924 3600 1046 3655 dicti
1084 3611 1199 3655 sunt
1237 3599 1672 3672 quadruplatores.
1743 3595 1820 3650 At
1855 3591 2217 3647 invalescente
