2268 3964
270 207 371 256 454
776 198 984 248 NOTAE
1021 198 1105 245 ET
1122 203 1124 207 ’
1140 195 1700 247 EMENDATIONES

262 338 393 402 part
416 326 486 401 of
514 325 730 392 Bursia,
757 326 809 380 in
832 326 1077 380 ditionem
1105 324 1409 379 Nicomedis
1434 324 1701 378 concessit.
1765 324 2060 391 PausaniaS,
2084 325 2192 380 loc·-

274 422 361 478 cit.
391 419 578 489 Polyb.
607 420 753 474 Libr.
784 439 866 473 1v.
892 440 945 490 p.
968 421 1093 473 436.
1171 418 1366 485 Livius,
1396 428 1675 471 xxxvrn.
1707 419 1788 472 16.

344 515 581 572 Victores
625 514 785 580 Galli,
833 525 884 567 et
930 514 992 564 de
1045 511 1335 564 Nicomede
1383 511 1577 581 optime
1624 510 1808 578 meriti,
1859 511 2078 582 profecti
2125 531 2190 564 ex

273 607 519 677 Bithynia
555 607 608 662 in
646 608 825 665 Asiam
865 615 1234 676 processerunt.
1303 605 1448 660 vNec
1488 604 1604 676 plus
1647 624 1707 656 ex
1749 603 1924 674 viginti
1948 605 2192 657 'millibus

272 700 556 765 hominum,
595 698 752 772 quam
788 702 966 752 decem
1005 698 1162 751 millia
1188 708 1380 751 armata
1405 711 1579 764 erant;
1618 709 1786 750 tamen
1810 708 2007 751 tantum
2031 707 2192 750 terro-

274 794 340 851 ris
361 796 614 860 omnibus‚
635 814 748 865 quae
773 793 844 846 cis
868 792 1102 846 Taurum
1128 804 1357 846 montem
1382 791 1626 857 incolunt,
1646 790 1876 860 gentibus
1895 791 2191 861 injecerunt,

272 900 333 958 ut
356 909 482 960 quas
506 888 743 953 adissent,
784 906 1009 958 quasque
1032 876 1137 938 non
1162 886 1398 951 adissent,
1438 885 1727 955 pariterque
1759 884 1951 938 ultimae
1983 883 2194 954 propin-

274 975 388 1055 quis
413 981 629 1052 imperio
655 989 907 1051 parerent.
984 978 1142 1031 Nova
1173 998 1352 1031 eorum
1384 977 1664 1035 dominatio
1696 980 1758 1030 de
1784 997 1963 1030 eorum
1987 975 2192 1030 nomine
2260 1033 2262 1035 ,

275 1074 635 1145 Gallograecia,
670 1073 1261 1142 Galatiave,nuncupata
1284 1089 1377 1124 est.
1468 1066 1892 1143 Vectigalemque
1917 1069 2098 1123 Asiam
2122 1069 2197 1122 ita
2259 1078 2268 1143 ᾖ

273 1167 402 1223 inter
427 1188 480 1221 se
504 1167 731 1233 divisere,
770 1177 826 1219 ut
850 1166 1092 1219 Trocmis
1131 1165 1464 1235 Hellesponti
1487 1185 1576 1217 ora
1601 1167 1717 1217 data
1752 1164 1834 1230 sit,
1876 1161 2194 1220 Tolistoboii
2265 1156 2268 1157 ⁷

273 1261 486 1316 AEolida
523 1271 676 1331 atque
711 1258 928 1324 Ioniam,
961 1259 1275 1328 Tectosages
1309 1257 1672 1313 mediterranea
1708 1258 1846 1311 Asiae
1880 1257 2190 1322 sortitisint,

274 1365 326 1416 et
349 1354 654 1426 stipendium
681 1354 791 1410 tota
817 1352 887 1405 cis
912 1352 1143 1404 Taurum
1178 1351 1325 1417 Asia,
1366 1351 1605 1418 Nacolia,
1642 1350 1926 1420 exigebant.
2003 1351 2191 1403 Sedem

274 1459 444 1502 autem
469 1448 566 1518 ipsi
591 1447 726 1500 circa
751 1445 927 1513 Halyn
949 1445 1156 1509 flumen,
1186 1443 1332 1497 Kisil
1356 1444 1578 1508 Ermak,
1603 1455 1848 1514 ceperunt
1869 1466 1882 1497 z
1922 1456 2192 1516 tantusque
2256 1495 2257 1498 ,

274 1554 436 1599 terror
467 1561 648 1598 eorum
670 1539 887 1593 nominis
913 1549 1034 1604 erat,
1076 1537 1397 1591 multitudine
1421 1538 1573 1591 etiam
1599 1539 1785 1608 magna
1818 1538 1996 1592 sobole
2021 1538 2191 1604 aucta,
2259 1559 2263 1565 '

273 1648 331 1692 ut
356 1630 514 1707 Syriae
550 1653 756 1705 quoque
796 1634 860 1685 ad
883 1643 1199 1702 postremum
1233 1651 1375 1701 reges
1400 1631 1708 1702 stipendium
1734 1635 1852 1685 dare
1874 1652 1979 1685 non
2003 1635 2193 1685 abnue·
2255 1647 2265 1671 '¹

273 1740 399 1782 rent.
473 1723 646 1781 Immo
685 1726 754 1779 ita
787 1745 942 1796 penes
977 1724 1159 1779 Gallos
1193 1725 1289 1778 fuit
1319 1725 1370 1777 in
1405 1726 1618 1779 Oriente
1645 1727 1767 1779 belli
1793 1728 2034 1798 pacisque
2058 1727 2192 1781 arbi·
2246 1739 2261 1807 ῚΙ.’

272 1824 444 1889 trium,
477 1833 550 1889 ut,
576 1823 695 1874 cum
728 1840 904 1873 eorum
934 1821 1175 1892 juventus
1200 1817 1356 1890 quam
1382 1819 1616 1873 maximae
1641 1821 1984 1876 foecunditatis
2009 1820 2190 1875 Asiam
2251 1817 2263 1896 J

272 1936 479 1973 omnem
503 1914 642 1968 velut
664 1914 895 1968 examine
920 1913 1092 1985 aliquo
1116 1912 1395 1984 implesset,
1422 1930 1587 1984 neque
1612 1933 1754 1984 reges
1782 1914 2023 1980 OrientiS‚
2062 1924 2191 1968 teste
2248 1916 2255 1935 “

271 2010 499 2076 Justin0‚
534 2009 639 2062 sine
677 2007 990 2069 mercenario
1033 2006 1304 2060 Gallorum
1340 2006 1566 2060 exercitu
1598 2007 1700 2061 ulla
1739 2007 1874 2060 bella
1908 2008 2153 2078 gesserint
2174 2030 2191 2063 :·

269 2123 435 2176 neque
471 2101 606 2173 pulsi
644 2122 800 2171 regno
838 2103 902 2154 ad
938 2101 1063 2154 alios
1103 2098 1258 2172 quam
1298 2102 1361 2152 ad
1399 2101 1582 2155 Gallos
1622 2102 1956 2171 confugerint.
2031 2101 2188 2174 Isque

272 2208 380 2254 erat
403 2206 565 2253 terror
591 2194 782 2252 Gallici
805 2194 1041 2260 nominiS,
1086 2203 1139 2247 et
1171 2213 1430 2247 armorum
1466 2195 1653 2248 invicta
1679 2195 1917 2262 felicitaS,
1956 2207 2013 2249 ut
2045 2197 2191 2251 aliter

270 2293 436 2363 neque
468 2291 784 2361 majestatem
810 2308 954 2341 suam
978 2298 1159 2352 tutam,
1184 2307 1348 2359 neque
1369 2289 1607 2341 amissam
1633 2308 1932 2359 recuperare
1957 2310 2010 2343 se
2036 2310 2189 2361 posse
2251 2279 2254 2283 ’

271 2383 376 2436 sine
399 2382 605 2445 Gallica
621 2383 805 2443 virtute
824 2382 1199 2437 arbitrarentur.
1235 2382 1430 2446 Livius,
1450 2382 1553 2436 loc.
1575 2382 1661 2435 cit.
1693 2383 1729 2437 J
1736 2383 1944 2449 ustinus,
1967 2402 2114 2437 xxv.
2134 2392 2187 2439 2.
2245 2394 2247 2399 ’

318 2477 492 2549 ,Quot
505 2476 813 2548 'quantisque
837 2474 1017 2545 postea
1042 2475 1094 2528 in
1119 2475 1267 2540 Asia,
1310 2475 1362 2528 in
1388 2475 1626 2545 Europa,
1665 2475 1887 2529 victoriis
1911 2487 2062 2548 atque
2087 2477 2191 2531 cla-
2240 2464 2241 2467 Ἴ

269 2569 435 2639 dibus
456 2569 679 2622 exercita
715 2568 866 2630 fuerit
902 2569 1058 2642 virtus
1098 2568 1318 2634 Gallica,
1360 2589 1485 2640 quas
1529 2588 1685 2622 novas
1728 2579 1888 2646 terras¹
1917 2570 2188 2640 quaesierit,

271 2664 535 2735 quomodo
574 2683 694 2725 cum
730 2662 960 2728 HiberiS‚
1003 2662 1087 2715 the
1109 2669 1318 2715 western
1336 2672 1463 2733 part
1489 2662 1557 2735 of
1586 2661 1715 2716 New
1745 2662 1980 2728 Castille,
2023 2664 2132 2717 and
2153 2685 2187 2718 a
2236 2703 2238 2705 ·

265 2765 419 2830 great
432 2765 564 2828 part
589 2756 656 2828 qf
684 2756 926 2828 Aragon,
952 2755 1238 2816 fortissimis
1267 2756 1535 2826 Hispaniae
1559 2755 1785 2826 populiS‚
1806 2776 1961 2823 arma,
1981 2776 2184 2824 nomen,
2234 2780 2236 2784 ’

268 2836 664 2921 sanguinemque
689 2849 970 2916 sociaverit,
998 2862 1242 2920 quantum
1266 2849 1554 2902 inclaruerit
1581 2850 1959 2903 Celtiberorum
1985 2835 2187 2917 nomen,
2236 2850 2238 2855 ’

268 2962 382 3014 quae
408 2942 593 2996 fuerint
619 2942 897 3004 Gallorum
922 2963 1041 3006 cum
1078 2943 1352 3010 Britannis,
1395 2963 1516 2996 cum
1553 2942 1825 2997 Germanis
1862 2945 2187 3010 commercia,

265 3037 488 3105 prodere
518 3036 824 3090 immensum
857 3038 1009 3102 foret,
1049 3047 1101 3099 et
1125 3047 1309 3089 nostrae
1337 3036 1697 3089 dissertationis
1721 3037 1845 3089 fines
1867 3036 2019 3107 longe
2046 3057 2189 3107 egre·
2235 3036 2237 3040 ’

267 3130 485 3202 deretur.
560 3129 636 3183 At
662 3129 779 3183 satis
805 3130 870 3182 sit
892 3140 1085 3182 veteres
1112 3129 1385 3190 Gallorum
1411 3129 1597 3199 glorias
1622 3129 1928 3199 indigitasse.
1992 3130 2188 3183 Verum
2231 3136 2233 3140 ’

268 3222 410 3291 quod
440 3221 492 3274 in
528 3223 738 3293 antiqua
772 3221 1010 3285 Historia
1047 3221 1370 3286 utilissimum
1394 3233 1487 3288 est,
1527 3225 1590 3275 ad
1609 3223 1954 3276 ‚recentiorem
1990 3231 2188 3276 memo—
2235 3207 2240 3233 ³

264 3313 392 3368 riam
426 3314 651 3377 animum
684 3314 1019 3381 revolvamuS,
1060 3326 1111 3369 et
1135 3316 1186 3367 in
1211 3315 1361 3372 tantis
1386 3326 1554 3369 rerum
1580 3316 1970 3387 seculorumque
1995 3317 2187 3374 vicissi-
2236 3364 2238 3370 .

265 3406 524 3460 tudinibus
556 3409 794 3462 eumdem
828 3408 880 3467 in
918 3408 1084 3461 Gallis
1122 3408 1350 3469 animum
1381 3427 1822 3479 recognoscamus.
1898 3407 2026 3463 Inde
2063 3409 2187 3461 irre·
2256 3455 2258 3461 ,

266 3500 439 3572 quieta
475 3500 562 3553 illa
598 3501 775 3555 Caroli
812 3501 1001 3571 Magni
1035 3501 1207 3568 virtus,
1244 3522 1355 3573 quae
1385 3513 1462 3556 tot
1493 3503 1642 3555 bellis
1676 3501 2016 3573 periculisque
2048 3512 2187 3556 tanta

265 3602 472 3666 tamque
495 3595 748 3666 disjuncta
771 3604 1019 3658 terrarum
1044 3595 1209 3666 spat-ia
1230 3595 1533 3667 nobilitavit.
1584 3595 1712 3650 Inde
1735 3594 1884 3650 tantis
1911 3594 2184 3649 Gallorum
2252 3588 2256 3637 Ῐ

522 3775 537 3796 Ι
