2268 3964
907 158 1345 215 PRAEFATIO.
1998 184 2096 219 xxv

169 341 379 407 nione
432 329 933 409 commendari,
984 327 1348 408 studiosos,
1398 328 1523 416 qui
1581 330 1670 396 ad
1721 330 1953 419 ipsum
2010 355 2096 400 ex

163 461 306 553 ejus
365 453 624 547 ingenii
681 450 1143 521 admiratione
1189 449 1745 531 conveniebant,¹
1794 453 2097 523 consiliis

161 589 235 648 et
273 575 642 671 praeceptis
674 572 1057 641 erudiebat.
1121 571 1307 661 Ipse,
1340 570 1726 639 studiorum
1760 571 2096 656 hortator,

159 698 468 781 Plinium
503 694 801 774 monuit,
850 701 930 760 ut
978 691 1358 759 Historiam
1403 691 1779 760 scriberet.²
1875 691 2095 773 Quod

157 819 323 889 cum
356 819 471 886 ille
519 815 918 892 declinaret,
969 811 1380 879 difficultate
1415 807 1803 896 deterritus,
1853 814 2093 886 aliisve

46 1009 65 1022 ‚
156 940 500 1008 distentus
554 936 734 1004 curis
757 960 776 1013 ;
825 933 1110 1001 Tacitus
1170 932 1244 1000 id
1275 933 1576 1001 muneris
1642 934 1741 1002 in·
1781 959 1852 1008 se
1907 962 2096 1007 rece-

10 3388 31 3450 l

6 3461 39 3600 i

1 3602 48 3964 a

156 1061 284 1152 pit,
333 1085 422 1130 ne
476 1059 832 1130 excideret
884 1079 1039 1125 rara
1088 1066 1484 1147 temporum
1537 1055 1854 1139 felicitaS,
1919 1063 2088 1151 qua,

154 1183 283 1250 sub
339 1183 607 1274 optimo
661 1179 1014 1274 Principe,
1063 1178 1250 1245 bono
1310 1177 1572 1268 cuique
1622 1179 1874 1248 sentire
1928 1203 2088 1273 quae

157 1304 385 1384 vellet,
464 1311 536 1371 et
604 1318 764 1392 quae
824 1277 1128 1379 sentiret,
1188 1299 1419 1368 dicere
1487 1300 1766 1368 liceret.³
1853 1300 2091 1374 Nemo

154 1435 392 1493 autem
446 1424 535 1493 ad
594 1423 1034 1492 scribendam
1089 1421 1468 1491 Historiam
1520 1425 1776 1492 natura
1825 1430 1896 1492 et
1941 1430 2092 1495 arte

155 1569 492 1637 umquam
558 1530 867 1637 paratior
929 1544 1242 1612 accessit.
1341 1545 1524 1613 Acre
1588 1545 1776 1614 enim
1839 1544 2091 1617 Tacito

148 1668 371 1736 inerat
390 1666 760 1761 judicium,
793 1665 1031 1734 vivida
1063 1688 1282 1746 menS,
1316 1689 1574 1757 magna
1604 1672 1832 1734 rerum
1865 1667 2089 1737 homi-

149 1794 461 1879 nu'mque
512 1789 804 1858 scientia
854 1798 927 1857 et
981 1789 1432 1880 experientia,
1486 1796 1763 1880 promta
1811 1796 1882 1857 et
1925 1812 2086 1881 pro-

148 1909 371 1978 funda
424 1910 782 2003 cogitandi
841 1931 927 1978 ac
982 1908 1331 1978 scribendi
1389 1909 1533 1977 vis:
1614 1909 1950 2000 quodque
2005 1910 2089 1978 iis

150 2034 583 2124 temporibus
629 2033 1082 2114 rarissimum,
1158 2032 1430 2100 animus
1490 2052 1726 2122 neque
1777 2031 2088 2101 libertati

146 2148 477 2238 infensus»,
526 2145 757 2247 neque
789 2155 1118 2226 adversus
1151 2155 1587 2223 dominantes
1621 2163 2027 2224 contumax.

239 2398 556 2467 Primum
614 2398 959 2468 scribendi
1004 2376 1499 2491 argumentum
1536 2398 1778 2466 sumsit
1813 2375 2087 2490 tempo-

146 2545 297 2591 rum
356 2542 634 2589 suorum
686 2519 1079 2603 Historias:
1158 2542 1333 2611 quas
1384 2519 1426 2588 a
1485 2519 1786 2588 Neronis
1819 2519 1958 2588 fine
1989 2518 2085 2588 ad

149 2641 543 2712 Domitiani
578 2665 820 2711 necem
857 2642 1187 2712 facillima
1219 2653 1289 2710 et
1331 2643 1684 2711 uberrima
1714 2643 1893 2711 vena
1925 2628 2085 2733 pro--¹

143 2773 420 2832 secutus
487 2773 615 2845 est,
696 2766 865 2834 recti
935 2767 1220 2857 verique
1287 2765 1640 2856 pervicax,
1722 2764 1870 2831 sine
1940 2760 2083 2829 ulla

144 2884 541 2954 assentandi
573 2894 699 2953 aut
732 2886 1146 2955 criminandi
1181 2885 1489 2954 libidine.
1588 2883 1755 2951 Pars
1793 2882 2080 2973 quidem

143 3006 370 3098 operis
401 3007 715 3077 maxima
747 3010 995 3100 periit:
1047 3018 1338 3077 manent
1362 3018 1597 3076 tamen
1624 3006 1848 3088 initia,
1884 3004 2082 3096 queis

217 3326 233 3351 ⁸
277 3325 415 3383 Plin.
443 3329 617 3401 Epist.
646 3346 728 3383 ιν.
775 3336 857 3384 13.
1226 3323 1244 3353 ⁸
1283 3326 1456 3381 Tacit.
1482 3323 1624 3379 Hist.
1656 3340 1695 3377 1.
1742 3331 1787 3376 l.

214 3394 237 3418 ²
276 3401 865 3530 Sidoniusiligiollinaris,
895 3401 1067 3473 Epist.
1224 3402 1251 3434 ⁴
1284 3399 1457 3455 Tacit.
1474 3398 1614 3455 Hist.
1639 3415 1680 3450 1.
1712 3404 1757 3452 1.
1823 3394 1966 3451 Anu.
1989 3407 2077 3448 xl.
2139 3487 2142 3493 .

148 3486 226 3524 ιν.
249 3479 339 3528 22.
381 3474 518 3531 Phn.
605 3487 727 3548 pist.
757 3494 776 3527 x
797 3517 808 3529 .
834 3482 884 3527 8.
914 3543 925 3547 -
1161 3481 1242 3526 ll.
