2268 3964
256 141 325 185 4⁸
866 129 926 176 c.
961 124 1295 176 CORNELII
1329 120 1562 177 TAmTt
1804 132 1867 177 A.
1894 131 1958 178 U.
1984 129 2041 179 c,
2065 129 2180 186 767.
2239 98 2265 165 ί

252 265 416 327 nullo
445 259 619 342 ipsius
634 262 819 342 jussu,
860 253 1036 339 penes
1065 256 1300 318 eosdem
1319 256 1532 318 saevitia
1551 250 1685 326 facti
1722 271 1780 317 et
1805 257 2015 318 invidia
2042 274 2180 321 erat.
2231 247 2234 251 ⁴

252 360 449 423 Secuti
491 356 827 438 exemplum
867 351 1142 428 veterani,
1185 346 1341 412 haud
1384 353 1571 412 multo
1619 354 1754 434 post
1796 354 1856 412 in
1905 356 2181 416 Raetiam¹
2232 366 2234 393 ³

251 458 581 530 mittuntur,
639 451 826 534 specie
868 448 1248 510 defendendae
1305 445 1638 528 provinciae,
1697 452 1774 509 ob
1823 450 2186 519 imminentes

251 557 476 616 Suevos
495 557 547 613 :²
567 585 569 588 ·
590 550 853 613 ceterum
890 562 955 608 ut
995 547 1404 607 avellerentur-³
1447 540 1664 619 castris,
1706 547 1964 607 trucibus
1986 543 2186 610 *adhuc
2237 580 2239 585 .

251 671 375 730 non
415 648 612 709 minsis
667 645 963 727 asperitate
1031 642 1312 716 remedii,
1339 639 1536 723 'quam
1596 640 1825 703 sceleris
1871 639 2186 713 memoria.

253 746 739 810 centurionatum
781 742 916 800 inde
944 735 1066 821 ¹egit
1085 737 1158 799 :4'
1181 736 1389 799 citatus
1428 741 1500 798 ab
1537 733 1908 819 imperatore,
1944 734 2186 817 nomen,
2232 744 2233 750 ’

253 842 540 914 ordinem,
600 838 861 920 patriam,
921 857 1233 897 numerum
1293 837 1728 915 stipendiorum,
1775 858 1911 917 ›quae
1954 829 2186 898 strenue
2232 891 2237 915 „

253 940 317 999 in
353 938 562 1019 praeliis
603 935 849 1008 fecisset,
892 948 949 994 et
990 933 1084 995 cui
1118 948 1279 994 erant
1317 934 1468 992 dona
1506 934 1814 1008 militaria,⁵
1858 936 2096 995 edebat:
2143 936 2190 996 si
2237 986 2241 992 .

253 1034 491 1108 tribuni,
534 1033 580 1093 si
607 1031 781 1114 legi0,
821 1031 1160 1091 industriam
1186 1025 1686 1131 innocentiamque
1713 1032 2186 1129 adprobaverant,
2239 1042 2241 1046 ’

253 1131 535 1193 retinebat
571 1129 870 1189 ordinem:
881 1125 921 1207 ⁶¹.
966 1127 1067 1188 ubi
1111 1123 1422 1200 avaritiam,
1465 1141 1563 1187 aut
1610 1115 2007 1205 crudelitatem
2053 1149 2188 1189 con·
2216 1191 2237 1206 Ι

255 1249 430 1291 sensu
455 1225 906 1311 objectavissent,
948 1223 1284 1285 solvebatur
1301 1220 1518 1283 militia.

255 1468 272 1475 «
341 1432 451 1484 45.
488 1425 597 1485 SIC
653 1438 1037 1483 coMPosITIs
1094 1417 1492 1500 praesentibuS,
1546 1417 1711 1478 haud
1766 1417 1956 1478 minor
2011 1420 2194 1482 moles
2237 1434 2240 1485 ᾗ

254 1533 578 1601 supererat,
621 1520 698 1578 ob
727 1515 1002 1577 ferociam
1030 1517 1244 1596 quintae
1284 1529 1341 1574 et
1371 1515 1825 1576 unaetvicesimae
1873 1516 2214 1597 legionum,-

259 1615 688 1699 sexagesimum
724 1614 880 1694 apud
918 1612 1219 1694 lapidem,⁷
1279 1612 1441 1692 (loco
1489 1605 1755 1674 -Veterass
1817 1625 2057 1673 nomen2
2077 1613 2193 1692 est)
2225 1609 2228 1612 ’

260 1711 728 1774 hibemantium:
773 1713 910 1770 nani
957 1710 1127 1791 primi
1171 1709 1509 1769 seditionem
1558 1700 1947 1790 coeptaverant
1966 1736 1987 1786 3·
2046 1714 2195 1770 atro·
2236 1718 2247 1750 ⁸

258 1810 555 1884 tissimum
583 1809 858 1890 quodque
895 1805 1115 1867 facinus
1139 1797 1377 1867 'horum
1421 1803 1682 1867 manibus
1719 1799 2004 1887 patratum
2024 1817 2065 1867 εἱ
2086 1829 2192 1868 nec
2238 1884 2239 1888 3

260 1906 443 1988 poena
470 1906 928 1967 commilitonum
962 1905 1240 1979 exterriti,
1269 1925 1375 1965 nec
1392 1901 1740 1984 'poenitentia
1761 1905 2047 1979 conversi,
2084 1905 2197 1965 iras
2228 1927 2229 1930 ¹
2256 1904 2257 1910 '

264 2003 602 2064 retinebant.
686 2002 869 2084 Igitur
893 2004 1091 2063 Caesar
1118 2023 1298 2075 arma,
1341 2002 1601 2075 classem,
1645 2000 1855 2060 socios⁹
1898 2001 2196 2063 demittere
2234 2014 2260 2075 ,ἑ

270 2101 484 2161 Rheno
505 2113 703 2182 parat:
751 2099 797 2160 si
816 2099 1122 2180 imperium
1144 2096 1514 2173 detrectetur,
1539 2098 1696 2159 bello
1725 2112 2060 2159 certaturus.
2108 2147 2113 2150 .
2179 2111 2181 2113 ’
2230 2099 2234 2116 ²

339 2265 357 2286 ¹
381 2266 444 2313 In
469 2266 685 2315 Raetiam.
722 2268 871 2314 Nunc
894 2268 970 2315 the
986 2267 1186 2315 Grisons

273 2334 369 2380 and
404 2334 482 2381 tlze
509 2334 662 2381 Tirol.
733 2335 790 2381 In
822 2336 1015 2399 inscrip.
1055 2337 1186 2399 apud

275 2401 472 2453 Gruter.
551 2419 601 2466 p.
666 2407 782 2457 439
864 2412 1187 2451 memorantur

277 2467 473 2529 RAETI,
506 2476 554 2515 et
578 2468 692 2516 alibi
719 2470 907 2517 RAITI
913 2473 976 2517 A.

342 2532 368 2555 ²
406 2535 596 2584 Suevos.
668 2528 837 2595 Suevi,
865 2554 974 2600 gcns
1007 2554 1190 2602 praepo-

231 2663 233 2666 f
277 2610 393 2663 tens,
427 2612 475 2650 et
507 2620 566 2651 ex
603 2603 767 2651 multis
801 2606 993 2668 populis
1016 2606 1191 2653 contla-

278 2679 343 2730 ta,
399 2672 628 2734 majorem
681 2670 952 2719 Germaniae
1008 2674 1188 2737 partem

277 2739 573 2786 obtinebant.
644 2738 711 2784 Hi
755 2740 882 2798 vero,
917 2739 976 2786 de
1013 2742 1190 2802 quibus

278 2820 410 2853 nunc
444 2806 617 2868 agitur,
652 2822 798 2869 prope
836 2808 1053 2858 Danubii
1091 2809 1191 2854 fon-

279 2881 375 2921 tem
397 2872 528 2919 haud
562 2873 732 2936 procul
755 2875 816 2920 ab
842 2875 1192 2922 Hermunduris

279 2939 579 2987 habitabant.
620 2939 778 2987 Tacit.
802 2942 860 2988 de
877 2942 1005 2988 Mor.
1026 2942 1191 2990 Germ.

282 3022 532 3055 XXXVIII.

283 3074 517 3133 Romano,
542 3088 577 3120 1.
616 3072 693 3122 16.
717 3090 805 3122 111.
827 3081 874 3123 4.
946 3077 1194 3123 Eccardus

281 3142 341 3188 de
363 3143 478 3204 orig.
505 3142 668 3190 Germ.
690 3160 737 3206 p.
764 3148 880 3190 280.

351 3205 370 3231 ³
394 3209 608 3256 Ceteram
626 3217 680 3257 ut
702 3211 1030 3257 avellerentur.
1101 3210 1193 3257 Sed

281 3275 446 3325 revera
467 3285 523 3324 ut
543 3276 857 3324 avellerentur
880 3278 1058 3336 eastris,
1085 3294 1192 3339 quae

282 3331 538 3390 efferabant
595 3344 776 3390 animos
822 3344 983 3403 adhuc
1036 3355 1192 3391 truces

284 3410 398 3457 cilm
423 3418 617 3473 propter
646 3412 839 3458 remedii
876 3411 1192 3475 asperitatem,

284 3485 389 3523 tum
412 3485 606 3540 propter
625 3478 810 3525 sceleris
837 3480 1131 3526 memoriam.

349 3541 374 3569 4
387 3543 768 3593 Centurionatum
791 3546 897 3592 inde
912 3547 1024 3620 egit.
1063 3547 1195 3592 Post-

284 3609 342 3660 εὖ.
386 3611 706 3660 Germanicus
750 3611 985 3663 lecensuit
1033 3626 1196 3661 centu-

621 3007 891 3055 Bucherius
934 3009 983 3054 in
1027 3009 1193 3070 Belgio
1262 3020 1265 3021 ’

1284 2269 1454 2326 riones,
1472 2282 1734 2329 eorumque
1749 2281 1950 2312 examen
1973 2258 2261 2314 instituit.

1284 2336 1412 2383 Vide
1448 2344 1546 2381 not.
1582 2343 1629 2381 et
1667 2333 1850 2380 emend.
1893 2323 1954 2379 ad
1991 2334 2194 2382 Ann.1.
2238 2334 2240 2339 '

1335 2467 1368 2497 ·⁵
1395 2468 1537 2516 Dona
1561 2468 1805 2515 militaria.
1877 2468 1940 2515 Et
1962 2468 2044 2515 cui
2063 2476 2196 2516 erant

1284 2544 1489 2600 torques,
1514 2552 1716 2594 coronae,
1733 2535 1950 2594 armillae,
1970 2535 2195 2598 phalerae,
2257 2591 2259 2594 3

1283 2604 1429 2651 hastae
1473 2619 1608 2667 purae
1649 2612 1894 2666 argenteae,
1940 2614 1998 2652 ,et
2041 2612 2198 2650 cetera
2257 2652 2259 2655 ,

1285 2673 1411 2718 dona
1453 2670 1696 2728 militaria,
1741 2685 1865 2733 quae,
1910 2677 1967 2716 ut
2007 2670 2196 2718 virtutis
2236 2673 2257 2677 ’

1283 2739 1495 2802 praemia,
1517 2748 1785 2800 acceperat.
1853 2737 1978 2784 Vide
2020 2747 2119 2784 not.
2153 2746 2199 2784 et

1285 2807 1468 2854 emend.
1495 2806 1602 2852 loco
1626 2805 1707 2852 cit.
2236 2810 2238 2813 '

1353 2869 1374 2894 ⁶
1397 2872 1648 2920 Retinebat
1669 2872 1891 2919 ordinem.
1962 2871 2197 2919 Ordinem
2242 2846 2259 2947 J

1287 2941 1594 2988 centurionis.
2242 2996 2248 3003 ,

1356 3005 1375 3033 ⁷
1422 3007 1761 3070 Sexagesimum
1818 3006 1943 3069 apud
1983 3005 2198 3068 lapidem.
2241 3014 2251 3050 ῑ·.’

1288 3075 1546 3137 Sexaginta
1586 3074 1743 3120 millia
1784 3089 2029 3137 passuum.
2122 3073 2247 3127 Ita.

1286 3142 1431 3188 ferme
1491 3141 1794 3187 Itinerarium
1843 3141 2088 3197 Antonini,
2150 3156 2199 3201 p.
2234 3112 2265 3192 l}

1287 3214 1401 3262 370.
1501 3207 1744 3255 Veteribus
1792 3207 2002 3253 Bonnam
2045 3222 2247 3268 usque
2233 3193 2264 3278 ’Ῐῖ

1286 3273 1368 3323 63.
1396 3277 1470 3322 Μ.
1496 3276 1552 3322 P.
1573 3286 1806 3322 numerat.
2236 3278 2263 3331 ²,

1355 3339 1374 3367 ⁸
1415 3342 1542 3389 Loco
1590 3342 1780 3392 Vetera.
1856 3341 1986 3388 Loco
2027 3356 2199 3387 nomen
2234 3316 2263 3401 2

1286 3418 1356 3458 est
1377 3410 1566 3467 Vetera,
1584 3426 1666 3456 seu
1691 3409 1863 3459 Vetera
1881 3415 2055 3466 castra,
2069 3423 2199 3454 nunc
2236 3401 2263 3470 ξ3.

1287 3477 1569 3534 Santen,i11
1594 3473 1750 3524 Clivia
1779 3475 2086 3533 Cisrhenana,
2123 3475 2202 3521 tlee
2238 3471 2268 3519 l

1289 3545 1459 3607 Duclzy
1481 3543 1540 3607 (gf
1556 3542 1730 3590 Cleves.
2235 3510 2268 3612 3

1354 3611 1375 3640 9
1398 3611 1574 3660 Socim.
1610 3610 1779 3674 Belgas
1797 3610 2010 3673 aliosque
2032 3608 2200 3657 socios.
2233 3586 2268 3672 3,ἷ3

2232 3700 2266 3799 ,ῄι
