2268 3964
425 578 1676 710 BREVIARIUM

646 950 982 1015 LIBRI
1077 918 1476 1017 PRIM'I.

86 1322 147 1399 I.
197 1285 780 1407 Rommnum
843 1362 1072 1406 rerum
1148 1322 1371 1408 statfis
1438 1341 1531 1408 ab
1597 1338 1800 1410 Urbe
1854 1365 2018 1412 con-
2040 1371 2045 1373 ’¹

82 1458 233 1526 dits
257 1455 348 1524 ad
371 1454 674 1546 Augusti
705 1477 1091 1523 excessum.
1190 1463 1256 1525 5.
1307 1454 1625 1542 Tiberius
1644 1458 2017 1551 imperium

82 1572 395 1664 suscipit,
446 1568 668 1651 tarde,
727 1579 800 1639 et
855 1571 1260 1662 cupidinem
1315 1567 1806 1642 dissimulans*
1877 1575 2018 1644 Ro-

79 1712 199 1757 ma
235 1689 306 1756 in
342 1687 713 1756 servitium
766 1687 924 1756 ruit.
1047 1685 1154 1757 16.
1209 1686 1651 1757 Pannonicas
1710 1690 2015 1782 legiones

82 1814 217 1873 tres
288 1802 538 1872 seditio
593 1803 816 1895 gravis
880 1802 1183 1871 incessit.
1284 1800 1435 1885 Ea,
1468 1805 1675 1872 misso
1753 1803 2015 1888 DruSO,

78 1917 336 1988 Tiberii
395 1917 558 1999 filio,
624 1915 804 2010 aegre
865 1917 1330 2009 componitur.
1478 1925 1593 1990 31.
1666 1919 1870 1990 Idem
1942 1922 2016 1990 in

84 2032 466 2103 Germania
498 2032 812 2101 inferiore
843 2041 1099 2115 motUS,
1152 2033 1275 2124 qui
1309 2036 1647 2118 consedit,
1697 2059 1834 2104 non
1868 2036 2016 2105 sine

82 2150 418 2242 sanguine
476 2158 550 2216 et
593 2148 809 2218 caede.
933 2155 1046 2221 50.
1109 2148 1572 2221 Germanicus
1643 2149 1875 2220 Caesar
1940 2154 2015 2222 in

76 2264 349 2335 hostem
414 2265 649 2335 ducit:
694 2265 925 2356 efique
957 2264 1403 2357 expeditione
1439 2266 1683 2349 Marsi,
1732 2267 2016 2337 Tuban-

81 2390 208 2463 ωε,
261 2380 603 2463 Bructeri,
667 2378 1004 2472 Usipetes
1057 2383 1335 2464 vastati,
1404 2392 1530 2451 aut
1585 2383 1777 2453 caesi.
1898 2390 2012 2454 53.

74 2493 663 2589 Julia,‘Augusti
728 2496 890 2585 filia,
982 2495 1231 2590 Rhegii
1295 2499 1513 2566 vitam
1584 2497 1758 2567 finit.
1898 2504 2012 2568 54.

79 2611 368 2681 Sodales
422 2611 493 2682 in
538 2611 870 2681 honorem
906 2610 1235 2704 Augusti,
1285 2623 1358 2681 et
1390 2613 1538 2681 ludi
1587 2612 2011 2706 Augustales

28 2727 42 2741 '⁴
75 2725 401 2799 instituti.
502 2734 614 2799 55.
652 2727 1114 2797 Germanicus
1151 2729 1401 2798 iterum
1430 2729 1758 2800 Rhenum
1795 2741 2017 2801 trans-

19 2888 28 2938 t
75 2843 319 2927 mittit,
368 2844 439 2912 in
496 2842 740 2913 Cattos
794 2844 1033 2914 ducit:
1085 2867 1307 2935 agrOS,
1357 2846 1624 2927 domos,
1673 2846 2012 2928 hominm,

16 2937 37 3031 F
75 2967 329 3041 vastat,
385 2960 549 3041 urit,
604 2960 858 3030 caedit:
921 2958 1276 3052 Segestem
1321 2961 1680 3030 obsidione
1714 2961 2015 3031 Arminii

19 3044 34 3139 ἶ,
75 3071 344 3142 liberat.
443 3070 559 3141 Ob
615 3073 767 3143 haec
832 3075 1209 3167 imperator
1273 3076 1774 3146 consalutatuS.
1897 3084 2012 3157 59.

20 3228 34 3293 ‚²
78 3186 357 3258 Bellum
407 3188 660 3259 deinde
703 3191 774 3259 in
830 3189 1214 3261 Cheruscos
1264 3202 1561 3285 gestum.
1663 3192 2011 3284 Reliquiae

20 3301 35 3386 ’ζ
76 3301 246 3372 Vari
289 3317 362 3373 et
414 3304 716 3375 militum
764 3306 1007 3375 lectae:
1061 3330 1532 3399 supremaque
1611 3308 1695 3377 iis
1760 3308 2010 3378 soluta.

34 3414 193 3487 ’63.
247 3417 548 3488 Romani
613 3420 688 3491 in
747 3421 998 3503 reditu,
1082 3424 1213 3492 sub
1244 3424 1527 3496 Coecina
1583 3423 1788 3507 duce,
1838 3424 2015 3517 peri-

32 3546 35 3549 ’
78 3539 323 3614 clitati.
421 3539 680 3612 Hostes
753 3550 989 3613 tamen
1040 3541 1372 3638 prospera
1427 3540 1794 3636 eruptione
1851 3539 2012 3623 fusi,
