2268 3964
459 162 558 212 AD
597 161 724 210 LIB.
762 160 803 208 Ι.
839 159 1010 208 ANN.
1046 160 1106 207 C.
1141 157 1352 208 CORN.
1384 154 1636 206 TAClTI.
1894 151 1996 212 369

144 288 495 345 Adulationes
517 289 819 342 miscebant.
857 286 921 340 ln
944 286 1198 339 veteribus
1229 285 1469 338 omnibus
1501 282 1825 351 editionibus,
1866 283 2001 339 adu-

48 379 283 437 latione.
358 382 569 453 Lipsius
602 393 654 435 et
688 379 1010 444 recentiores,
1048 377 1394 432 adulationes.
1466 375 1710 430 Tentavit
1737 376 2002 446 Muretus„

20 470 324 550 'lacrymas
368 475 587 548 gaudio,
627 482 830 546 questus
870 470 1177 525 adulatione
1223 469 1528 524 miscebant.
1605 468 1872 536 Ernestus,
1921 469 2002 525 la-

63 570 257 644 crymis
276 568 551 643 gaudium,
570 575 774 639 questus
797 563 1119 619 adulatione.
1197 563 1256 616 Si
1279 563 1409 635 quid
1427 563 1746 629 mutandum,
1772 564 2003 620 Ernesti-

26 649 38 664 ’
64 682 183 716 nam
208 660 612 715 emendationem
638 660 929 730 probarem.
969 654 1349 711 Adulationes·
1361 655 1554 710 scilicet
1575 655 1756 727 reponi
1774 669 2000 728 oportet,

23 771 25 776 ’
64 756 163 809 etsi
187 775 283 809 nec
311 754 445 807 male
476 753 737 807 Muretus.
813 750 945 804 Vide
974 749 1134 803 Misc.
1160 748 1295 804 obs.
1324 768 1411 803 1x.
1435 755 1564 804 233.

142 847 403 920 Apudque
428 865 524 899 eos.
601 844 765 917 Apud
792 842 931 897 Coss.
970 843 1271 904 emendabat
1301 842 1563 897 Muretus.

143 939 430 995 Indue-tam
472 938 872 992 dubitat-ionem.
936 936 1145 990 Frustra
1186 947 1345 990 tentat
1385 934 1699 1004 Gronovius,
1740 939 2001 996 indutam.

31 1038 51 1043 ”
67 1036 209 1092 Ante
240 1035 566 1091 Gronovium
589 1034 642 1087 id
665 1032 953 1087 dubitanter
977 1042 1315 1103 proposuerat
1341 1029 1557 1085 Latinus
1585 1033 1831 1090 Latinius.
1864 1052 1867 1054 ·

142 1222 295 1278 Car.
319 1229 371 1277 8.
423 1220 493 1275 In
510 1219 792 1296 familiam
829 1239 1115 1294 nomenque
1152 1219 1423 1294 Augustae.
1492 1215 1692 1275 Liviam
1729 1219 1787 1276 in'
1816 1240 2004 1280 nomen

69 1329 125 1371 et
148 1315 393 1371 familiam
417 1314 452 1371 J
459 1315 575 1370 ulioe
596 1314 758 1385 gentis
782 1314 935 1368 fuisse
960 1314 1202 1368 adscitam
1234 1334 1388 1368 nemo
1416 1313 1630 1369 inficiari
1662 1324 1851 1388 potest,
1882 1319 2002 1373 ciun

71 1409 127 1463 id
150 1410 415 1481 conceptis
432 1408 597 1462 verbis
620 1407 945 1480 pronuntient
966 1406 1097 1473 Dio,
1128 1424 1250 1461 ινι.
1274 1427 1327 1478 p.
1346 1409 1473 1463 600.
1545 1403 1792 1477 Velleius,
1815 1427 1887 1464 11.
1912 1419 2002 1471 75.

75 1502 294 1556 Ovidius
311 1501 450 1556 Fast.
475 1521 515 1555 1.
540 1509 666 1556 532.
703 1501 920 1555 Tacitus
945 1500 1134 1555 Annal.
1158 1519 1213 1554 v.
1239 1510 1286 1554 1.
1334 1500 1558 1574 Ipseque
1585 1501 1805 1570 Plinius,
1833 1522 1895 1559 x.
1914 1514 2002 1561 55.

46 1594 209 1652 'xlm
233 1598 287 1651 6.
363 1594 505 1649 Novi
530 1595 763 1668 equidem
790 1594 1044 1649 eruditum
1069 1594 1397 1649 Harduinum
1422 1607 1646 1650 mentem
1679 1598 1923 1666 mutasse,
1954 1605 2006 1655 e't

52 1689 124 1753 in
158 1688 441 1762 posteriore
477 1689 571 1742 sua
603 1688 825 1742 editione
860 1686 1076 1742 Liviam
1112 1708 1207 1759 pro
1248 1687 1403 1742 ,Iulia
1434 1689 1726 1760 scripsisse:
1765 1693 1856 1745 sed
1888 1712 2005 1764 per-

47 1811 51 1817 ·
65 1802 265 1858 peram,
294 1794 347 1836 et
370 1780 735 1851 refragantibus
761 1781 934 1836 MSS.
960 1780 1118 1834 libris.

47 1888 50 1892 ’
149 1876 202 1931 T
194 1893 395 1933 recenos
418 1893 664 1929 nummos.
719 1874 808 1928 De
839 1875 917 1928 his
948 1875 1171 1945 Augusti
1205 1874 1381 1945 legatis
1409 1876 1564 1948 paulo
1594 1877 1757 1944 aliter,
1793 1872 1845 1932 et
1869 1881 2002 1935 forte

40 1947 371 2035 ¹'siccut-atius,
406 1968 680 2022 Suetonius
705 1967 757 2021 in
781 1968 921 2039 Aug.
951 1986 1033 2021 cl.
1111 1967 1342 2042 Legavit
1361 1969 1566 2042 populo
1599 1970 1843 2026 Romano
1873 1992 2005 2045 qua-

40 2046 410 2138 '‘ur-ingentia,
435 2061 676 2116 tribubus
694 2061 868 2115 tricies
891 2061 1166 2135 quinquies
1181 2061 1489 2129 sestertium,
1500 2064 1849 2136 praetorianis-
1862 2060 2003 2121 mili-

44 2150 212 2213 ⁸''ts'bus
246 2154 456 2230 singula
506 2154 679 2208 millia
721 2173 1066 2221 iiummorum,
1105 2155 1403 2210 cohortibus
1443 2156 1665 2211 urbanis
1700 2156 2005 2234 quingenos,

46 2191 378 2343 {legionariis
402 2257 651 2303 trecentos
681 2267 930 2302 nummos.
968 2248 1110 2303 -Nec
1133 2248 1269 2303 enim
1293 2249 1564 2310 verisimile
1586 2250 1893 2322 legionarios
1915 2273 2009 2311 co-

56 2341 304 2399 hortibus
327 2341 551 2397 Urbanis
576 2341 731 2396 fuisse
754 2353 997 2414 aequatos.
1074 2342 1290 2398 Summa
1320 2355 1428 2398 tota
1460 2343 1747 2414 legatorum
1779 2344 2004 2418 Augusti

69 2435 169 2491 fuit
238 2436 400 2489 ferme
465 2434 629 2507 Angl.
690 2435 966 2500 875,000l.
1098 2435 1399 2503 Emendavi,
1471 2432 1780 2512 legionariis
1846 2439 2005 2514 atque

56 2520 385 2583 'tollor-tibus.
484 2527 635 2582 Male
682 2529 819 2582 enim
870 2529 1156 2584 Beroaldus
1204 2529 1391 2603 aliique
1437 2541 1648 2599 veteres,
1699 2524 2024 2607 legionariis

66 2613 77 2621 ’
107 2630 247 2677 utem
288 2621 601 2679 cohortibus.
675 2620 874 2676 Melius
917 2622 1291 2678 Freinshemius
1327 2635 1381 2678 et
1415 2623 1662 2695 Ryckius‚
1701 2624 2007 2700 legionariis

55 2686 245 2785 ⁴mutem
271 2724 319 2769 et
339 2715 649 2771 cohortibus.
713 2716 790 2769 At
813 2715 931 2769 cum
950 2716 1003 2769 in
1023 2715 1154 2771 MS.
1181 2717 1322 2772 Flor.
1346 2717 1561 2788 legatur,
1580 2716 1887 2791 legionariis
1908 2728 2006 2775 aut

68 2806 388 2875 cohortibus,
412 2808 654 2863 mendose
678 2808 904 2881 quidem,
929 2809 1051 2865 licet
1082 2809 1119 2867 J
1123 2830 1202 2866 ac·
1230 2810 1503 2866 Gronovio
1533 2822 1585 2866 et
1610 2809 2006 2868 Recentioribus

68 2903 368 2978 gunbatum,
411 2900 622 2955 omnino
657 2902 1028 2957 emendandum
1076 2913 1256 2978 atque,
1297 2915 1355 2960 ut
1396 2905 1507 2976 ipse
1546 2924 1722 2959 sensus
1759 2904 2003 2977 postulat.

63 2990 191 3058 'dm
214 3005 266 3047 et
288 3003 446 3067 atque
462 2993 514 3047 in
541 2993 716 3049 MSS.
739 3015 875 3067 saepe
899 2997 1177 3068 permutari
1191 2998 1305 3071 jam
1329 2996 1362 3051 ὲ
1396 2997 1582 3053 Cortio
1607 3000 1671 3052 ad
1705 2998 2003 3054 Sallustium

67 3081 124 3161 h
164 3086 405 3157 Jugurth.
447 3102 703 3141 Lxxxu.
739 3091 1085 3157 observatum,
1126 3102 1181 3145 et
1218 3090 1451 3163 plurimis
1494 3092 1745 3163 exemplis
1792 3093 2005 3147 demon-

59 3168 302 3253 batum.
376 3178 632 3235 cobortes
655 3180 842 3237 civium
866 3182 1222 3241 Romanorum
1246 3184 1588 3259 appellantur,
1608 3195 1664 3240 ut
1687 3182 1719 3239 ὁ
1742 3185 2003 3242 sociorum

66 3265 370 3436 {oliui-tibus
392 3272 778 3345 distinguantur.

69 3463 123 3526 Φ
145 3457 300 3513 ΟΜ».
322 3467 378 3522 9.
424 3460 569 3515 Idem
601 3460 709 3516 dies
741 3465 943 3536 accepti
975 3466 1239 3539 quondam
1268 3465 1479 3539 imperii
1502 3464 1767 3539 princeps,
1803 3475 1857 3521 et
1886 3467 2007 3522 vita

69 3564 348 3624 aprunus.
431 3553 520 3608 De
555 3571 689 3609 anno
723 3557 924 3629 accepti
962 3558 1163 3631 imperii
1201 3559 1324 3615 nibil
1361 3559 1488 3615 certi
1526 3562 1846 3628 occurrebat,
1885 3561 2004 3614 cum

70 3638 217 3732 §otas
262 3645 414 3699 edidi.
491 3646 626 3703 Haec
674 3649 855 3719 postea
903 3663 1071 3706 mente
1112 3651 1390 3718 revolvens,
1425 3653 1619 3707 adveni
1665 3654 1766 3730 buc
1809 3651 2005 3726 optime

277 3749 414 3787 vot..
444 3751 485 3787 1.
1288 3763 1293 3769 >
1498 3748 1533 3792 Q
1566 3755 1596 3791 Α
