2268 3964
332 207 431 250 420
820 197 1029 245 NOTAE
1063 198 1150 262 ET
1187 198 1745 251 EMENDATIONES

330 327 579 381 manubiis
606 323 851 405 dedicavit
870 329 1045 379 decem
1070 347 1218 380 naves
1243 330 1332 382 ἀπὸ
1355 330 1630 402 μονοκρότου
1649 330 1797 405 μέχρι
1818 332 2044 406 δεκήρους,
2069 333 2120 387 id
2147 345 2239 400 est,

328 421 397 475 ab
433 440 533 474 ano
576 439 824 474 remorum
863 421 1038 474 ordine
1071 421 1142 473 ad
1171 421 1484 474 deciremem.
1560 422 1695 477 Haec
1734 424 1847 479 visit
1886 425 2242 481 Germanicus.

330 512 521 567 Postea
547 513 736 566 navalia
754 524 803 565 et
835 532 983 565 naves
1002 512 1103 582 igni
1117 516 1356 584 absorpta
1381 524 1512 579 sunt,
1536 525 1593 568 ut
1617 526 1827 569 testatur
1853 517 2057 581 StrabO,
2078 519 2201 572 ibid.

409 606 594 660 Vetera
618 605 992 678 sa07·umjacta
1016 606 1255 678 dictaque
1264 606 1608 678 praeferentes.
1665 607 2007 680 Interpretum
2035 611 2241 680 plurimi

327 704 390 755 de
417 698 713 754 Germanici
732 698 1006 769 majoribus
1031 697 1205 751 locum
1230 700 1363 751 hunc
1389 709 1646 770 accepere.
1722 701 1931 772 Nempe
1951 703 2241 759 existimant

325 796 557 858 Graecos,
578 803 633 846 ut
659 791 971 844 Germanico
995 790 1151 860 magis
1176 791 1515 858 adularentur,
1534 804 1704 845 vetera
1731 793 2066 847 Claudiorum
2087 798 2235 862 facta,

323 906 602 958 eorumque
627 884 760 938 dicta
797 883 1092 955 praetulisse.
1166 884 1242 936 At
1279 904 1457 938 eorum
1494 885 1888 956 explicationem
1928 887 2010 939 vix
2047 888 2239 958 patitur

321 980 569 1032 latinitas:
607 997 780 1049 neque¹
810 978 918 1030 haec
958 976 1181 1030 adulatio'
1220 976 1435 1031 Graecos
1474 980 1636 1032 decet.
1711 979 1880 1032 Aliter
1917 981 2123 1051 quidem
2150 981 2233 1036 Cl.

324 1072 599 1137 Ernestus;
637 1082 688 1124 et
713 1069 1041 1143 praferentes
1065 1081 1362 1140 corruptum
1387 1070 1701 1141 suspicatur:
1740 1075 1988 1139 emendat,
2004 1074 2237 1147 proefan-

320 1175 409 1219 tes,
504 1164 712 1240 Scilicet
760 1164 994 1234 opinatur
1045 1163 1278 1227 (ἐι-33005,
1328 1164 1446 1216 cum
1509 1164 1875 1217 Germanicum
1925 1167 2234 1237 exciperent,

318 1260 558 1330 praefatos
582 1277 689 1310 esse
709 1255 952 1327 quidquid
975 1253 1006 1306 a
1030 1255 1424 1327 suis'majoribus
1445 1259 1508 1309 ad
1526 1256 1850 1322 Marathona,
1871 1260 1933 1310 ad
1961 1259 2231 1326 Salamina,

319 1351 516 1423 aliaque
539 1350 653 1403 loca
671 1360 886 1419 gestum,
913 1348 1159 1419 quidquid
1178 1351 1242 1400 ab
1268 1348 1622 1403 illustrioribus
1642 1349 1758 1403 viris
1784 1350 1993 1411 dictum,
2019 1352 2233 1424 indeque

319 1444 611 1516 apparuisse
635 1463 723 1496 eos
759 1461 863 1494 non
886 1461 1012 1506 esse,
1052 1462 1180 1513 quos
1218 1443 1434 1508 deceret,
1470 1454 1557 1496 aut
1595 1444 1682 1514 qui
1720 1443 1938 1500 solerent
1977 1444 2235 1500 humiliter

318 1535 528 1602 adulari,
552 1555 716 1608 neque
739 1536 1076 1606 spernendum
1113 1536 1359 1588 honorem
1397 1540 1461 1591 ab
1485 1535 1544 1589 iis
1581 1536 1827 1590 habitum.
1887 1536 2036 1591 'Haec
2070 1539 2234 1609 expli-

316 1629 451 1687 catio
475 1631 701 1682 nondum
740 1627 1017 1699 probabilis
1051 1627 1262 1681 videtur.
1342 1628 1399 1681 Si
1439 1628 1551 1699 quis
1587 1640 1816 1684 veterum
1855 1630 2237 1703 recentiumque

315 1742 625 1794 pomparum
667 1719 903 1792 exempla
943 1721 1266 1792 reputaverit,
1303 1721 1345 1776 is
1379 1724 1497 1776 sane
1531 1722 1838 1788 existimabit
1875 1724 2027 1778 obvio
2066 1745 2230 1793 sensu,

309 1835 470 1888 quem
495 1815 546 1869 in
568 1814 700 1869 notis
724 1814 1073 1886 exposuiinuS‚
1101 1816 1210 1868 haec
1238 1814 1544 1886 accipienda.

300 1990 310 2001 ⁸
388 1997 541 2051 CAP.
591 2003 681 2051 54.
756 1996 921 2050 Sacra
976 1997 1385 2050 Samothracum.
1474 1998 1692 2065 Plinius,
1745 2018 1824 2054 lv·
1882 2009 1963 2056 12.
2043 2000 2227 2056 Insula

318 2090 666 2154 Samothrace,
691 2109 800 2161 qucc
825 2089 1010 2143 libera.
1040 2130 1051 2142 .
1081 2130 1094 2166 ·.
1123 2129 1135 2143 .
1161 2091 1194 2143 ἁ
1226 2091 1454 2144 Thracica
1479 2090 1572 2144 0νᾶ
1589 2093 1809 2164 triginta
1837 2104 1948 2147 octo
1974 2095 2104 2148 mill.
2133 2135 2145 2147 .
2174 2135 2186 2147 .
2217 2134 2230 2147 .

313 2183 530 2238 circuitu
550 2182 774 2256 triginta
799 2182 899 2235 duo
924 2182 1055 2236 mill.
1086 2225 1099 2237 .
1128 2221 1140 2234 .
1171 2224 1183 2236 .
1209 2183 1291 2236 vel
1309 2184 1757 2254 importuosis-sima
1776 2188 2019 2240 ommam.
2062 2187 2231 2243 Calli-

311 2276 518 2331 machus
566 2295 678 2330 eam
726 2277 938 2349 antiquo
988 2278 1192 2332 nomine
1239 2276 1578 2332 Dardaniam
1626 2289 1792 2335 vocat.
1867 2282 1920 2336 A
1972 2282 2229 2352 Dionysio

314 2368 566 2444 Perieget.
591 2390 639 2424 v.
656 2376 782 2425 424.
810 2370 1125 2441 appellatur:

751 2498 941 2571 Θρηϊκιή
966 2521 1018 2551 τε
1044 2500 1206 2569 Σάμος
1234 2500 1547 2572 Κορυβάντων
1571 2498 1713 2553 οἷο-τυ.

751 2596 800 2651 T
797 2597 976 2653 lar-acia
1006 2598 1198 2666 Samos,
1229 2599 1579 2672 Corybantica
1604 2600 1806 2653 civitas.

313 2732 468 2786 Sacra
515 2733 664 2804 hujus
712 2733 886 2789 insulae
941 2736 1195 2805 quondam
1246 2733 1653 2787 celebratissima.
1726 2728 1797 2788 Iis'
1846 2735 1980 2788 enim
2023 2735 2220 2803 initiati,

310 2826 642 2879 credebantur
666 2826 872 2880 adversa
897 2828 1067 2880 omnia
1085 2827 1395 2898 propellere3
1423 2829 1562 2898 quod
1585 2827 1820 2898 exprimit
1839 2828 2221 2900 Aristophanes,

310 2915 456 2995 Par,
479 2938 527 2971 v.
566 2926 671 2978 275
706 2930 757 2973 et
794 2939 897 2991 seq.
936 2920 1200 2992 fusiusque
1229 2920 1553 2992 prosequitur
1589 2922 1697 2992 ejus
1727 2920 2065 2975 Scholiastes:
2107 2928 2147 2974 οἱ
2178 2926 2221 2975 ἐν

307 3011 519 3074 κινδύνοις
543 3011 773 3084 γενομένω
802 3015 1108 3068 ἐπεκαλοῦντο
1131 3013 1316 3076 τοία-ους
1340 3015 1444 3076 τοὺς
1469 3013 1705 3082 δαίμονας,
1723 3014 1827 3076 τοὺς
1847 3016 1889 3064 ἐν
1916 3015 2221 3086 Σαμοθράκῃ,

305 3103 410 3179 τούς
434 3126 487 3158 τε
514 3104 819 3179 Κορύβαντας
845 3107 925 3158 καὶ
949 3109 1031 3170 τὴν
1055 3106 1281 3171 Ἑκάτην·
1322 3109 1374 3171 ἐξ
1395 3104 1553 3172 ἧςκαὶ
1579 3105 1820 3172 διαβόητον
1844 3103 1897 3170 ἧν
1929 3107 1981 3158 τὸ
2011 3106 2220 3179 Ζῆρινθον
2264 3121 2268 3179 ⁴2

302 3187 504 3270 ἅντρόνῖ
527 3197 629 3251 ἔνθα
659 3198 806 3272 ταύτῃ
845 3198 1071 3274 ω’ςγίαζον
1105 3200 1184 3252 καὶ
1224 3189 1564 3272 μῆλευθεροῦντο.
1637 3199 1708 3252 In
1735 3199 1982 3270 periculis
2014 3201 2219 3266 versati,
2265 3191 2268 3260 l

304 3275 619 3351 invocabant
648 3291 762 3350 illos
792 3291 1065 3358 daemonaS,
1106 3292 1197 3364 qui
1228 3291 1286 3346 in
1329 3291 1661 3346 Samothrace
1695 3291 2011 3357 colebantur,
2056 3290 2220 3364 Cory·

293 3381 583 3458 bantesque
630 3395 678 3438 et
729 3384 983 3439 IIecaten.
1058 3385 1146 3439 Ex
1193 3383 1287 3437 Ιιᾶε
1340 3383 1511 3438 insula
1559 3375 1810 3456 praecipat}
1865 3382 2220 3438 celebrabatur

303 3471 603 3530 Zerz'nthum
653 3487 877 3533 antrum.
969 3478 1061 3532 Ibi
1085 3478 1470 3549 ‘sacrificabant
1518 3487 1565 3531 et
1614 3477 1984 3530 liberabantur.
2068 3475 2260 3531 Deos,⁴

302 3566 656 3622 Samothraces
693 3570 847 3624 fuisse
874 3569 1139 3624 Castorem
1165 3582 1217 3624 et
1256 3570 1528 3624 Pollucem
1565 3571 1715 3623 docet
1751 3569 1937 3633 Varro,
1974 3570 2037 3621 de
2064 3568 2215 3639 Ling.
2243 3559 2268 3632 vsl

301 3657 419 3713 Lat.
449 3678 529 3714 ιν.
571 3682 627 3734 p.
672 3669 757 3723 17.
791 3667 794 3670 ’
829 3662 1030 3719 Eorum
1071 3663 1306 3735 mysteria
1354 3664 1664 3718 vocabantur
1710 3681 1917 3735 quoque
1971 3661 2221 3735 mysteria
2248 3663 2263 3743 j

2258 3768 2268 3841 l

2248 3843 2268 3964 'l
