2268 3964
225 185 331 238 366
768 180 973 232 NOTAE
1008 179 1094 230 ΕΤ
1129 178 1686 231 EMENDATIONES

304 335 457 391 CAP.
484 350 527 390 1.
594 330 787 386 Urbem
838 329 1081 386 Romam.
1175 330 1265 384 Ab
1314 330 1608 384 hexametro
1654 324 1904 385 scribendi
1949 329 2151 386 initium

230 433 400 486 fecere
420 428 652 493 Tacitus,

388 567 580 624 Urbem
607 569 831 624 Romam
855 564 887 622 ὰ
902 566 1164 639 principio
1190 585 1330 640 reges
1353 566 1600 632 habuere,

235 719 289 763 et
325 707 593 766 Sallustius
615 706 668 759 in
685 706 721 761 J
725 705 927 775 ugurth.
960 723 1013 758 v,
1042 782 1044 784 ‚

388 841 601 897 Bellum
624 841 904 912 scripturus
927 857 1038 894 sum
1061 838 1199 912 quod
1215 837 1434 912 populus
1461 830 1748 893 Romanm.

237 982 328 1036 Ab
350 977 672 1034 hemistichio
702 977 893 1041 LiviuS,
937 995 979 1030 1.
1003 984 1049 1031 l.

386 1115 705 1170 Factumcsne
728 1115 1134 1186 operaepretium
1156 1114 1268 1168 sim.
1345 1140 1348 1142 v

237 1252 321 1319 Id,
361 1253 500 1324 quod
531 1269 670 1315 casu,
707 1268 811 1302 non
851 1247 1083 1313 consilio,
1123 1248 1330 1319 optimis
1372 1248 1702 1321 scriptoribus
1745 1248 1951 1316 excidit,
1992 1269 2158 1324 neque

238 1345 509 1416 arguerim,
557 1362 722 1414 neque
762 1340 1085 1395 laudaverim.
1172 1340 1388 1413 Aliquid
1434 1354 1602 1396 tamen
1650 1343 1913 1414 poeticum
1972 1345 2159 1398 referre

239 1441 393 1493 debet
415 1435 642 1491 historici
679 1434 838 1489 stilus,
912 1433 976 1488 In
1012 1434 1464 1490 vetustissimorum
1503 1446 1797 1508 temporum
1832 1437 2069 1503 historiiS,
2107 1438 2160 1491 in

235 1532 401 1597 libris,
428 1531 516 1603 qui
542 1528 770 1583 chronici
795 1527 1137 1599 appellantur,
1161 1528 1383 1582 numeris
1418 1529 1623 1602 quidem
1650 1530 1829 1584 solutae
1851 1530 2161 1584 narrationes

238 1627 488 1690 videntur,
524 1623 721 1677 nonita
757 1633 945 1688 tamen,
982 1633 1040 1676 ut
1071 1642 1174 1676 non
1197 1623 1344 1676 facile
1383 1623 1662 1678 “invenias
1699 1624 1893 1697 disjecti
1929 1627 2160 1678 membra

239 1727 279 1754 “
303 1730 471 1792 poetae
489 1719 535 1787 ;''
558 1717 750 1772 scilicet
776 1716 1055 1788 primordia
1073 1716 1300 1786 gentium
1326 1718 1604 1784 memoriae,
1646 1718 1787 1790 quasi
1815 1720 2049 1774 carmina
2073 1738 2162 1773 ne-

240 1813 481 1878 cessaria,
506 1812 887 1865 mandabantur.
949 1811 1189 1870 Quorum
1217 1810 1454 1882 exempla
1477 1811 1619 1866 nullo
1643 1812 1848 1882 negotio
1866 1813 1917 1866 in
1934 1813 2002 1866 T.
2026 1811 2162 1867 Livii

242 1907 387 1962 Hist.
416 1905 578 1960 Libro
606 1920 647 1958 1.
685 1903 922 1976 reperias.
997 1903 1244 1957 Ceterum
1282 1904 1334 1957 in
1355 1903 1462 1959 aliis
1498 1905 1626 1960 locis
1657 1907 2028 1961 numerosiores
2051 1926 2164 1961 ver-
2248 1917 2266 1958 3.⁴

239 2021 327 2054 sus
349 1999 564 2054 Tacitus
588 1997 823 2051 adhibet:
861 2017 943 2050 ex.
969 2016 1044 2067 gr.

389 2135 647 2210 Auguriis
660 2143 896 2206 patrum,
922 2142 970 2187 et
983 2132 1160 2206 prisc&
1170 2134 1467 2209 formidine
1491 2154 1711 2191 sacram.
1765 2196 1778 2203 ,Α

1687 2229 1983 2300 Germania,
2021 2240 2109 2293 39.

244 2302 335 2358 Sic
356 2301 496 2375 apud
529 2300 765 2357 Livium:
1815 2305 1819 2308 “

392 2416 524 2471 Hcec
549 2417 642 2470 ubi
663 2415 805 2471 dicta
829 2414 987 2500 dedit,
1021 2417 1234 2491 stringit
1252 2416 1511 2492 gladium,
1540 2438 1830 2493 cuneoque,-

242 2533 383 2604 apud
409 2530 739 2585 Sallustium:

393 2643 541 2700 Cnaez·
567 2643 814 2717 Pompeii
834 2654 1041 2712 veteres,
1047 2645 1288 2720 fidosque
1310 2646 1518 2702 clientes
1526 2667 1550 2721 ,-

245 2771 299 2814 et
321 2758 460 2832 apud
487 2756 793 2831 Nepotum:

390 2870 525 2963 Post
546 2882 697 2928 natos
720 2873 967 2940 homines,
1003 2884 1064 2929 ut
1087 2871 1200 2929 edm
1214 2868 1460 2950 privatus
1480 2873 1679 2931 obesset.

323 2985 527 3043 Veteris
556 2986 746 3060 populi
784 2986 1035 3044 Romani.
1113 2989 1201 3044 Sic
1233 2989 1366 3046 MS.
1400 2989 1542 3090 Flor.
1617 2990 1899 3064 Perperam
1935 2994 2170 3049 emendo-
2219 2947 2265 3058 -

242 3093 383 3136 verat
405 3079 720 3149 VertraniuS,
756 3082 944 3139 veteris
972 3082 1284 3155 reipublicae.

319 3171 747 3252 Deterrerentur·
825 3173 1093 3230 Muretus
1131 3176 1317 3250 aliique
1359 3177 1588 3233 nonnulli
1644 3180 1928 3246 emendant,
1977 3149 2172 3235 detere-

246 3275 467 3321 rentur.-
504 3286 609 3344 nqn
631 3268 832 3341 inepte
860 3270 951 3324 sed
985 3269 1196 3327 minime
1233 3270 1586 3342 probabiliter,
1624 3274 1988 3343 refragantibus
2028 3274 2172 3329 libris

245 3334 500 3436 omnibus.
572 3357 756 3416 Immo
770 3362 977 3431 decora
1016 3373 1070 3433 et
1109 3363 1308 3436 optima
1342 3365 1540 3435 ingenia
1581 3365 1925 3431 deterrentur:
1963 3367 2173 3420 honesta
2250 3382 2265 3450 ξ)

243 3471 306 3508 ac
343 3455 480 3508 bona
510 3450 823 3529 deteruntur.

238 3617 241 3620 ·
302 3597 472 3654 Car.
500 3605 552 3655 3.
593 3595 806 3655 Bonum
852 3598 1065 3657 militia.
1158 3592 1351 3659 Mallet
1399 3601 1666 3669 HeinsiuS,
1716 3603 1906 3660 bomem
1953 3602 2172 3665 militiae.

243 3692 320 3746 At
343 3691 466 3747 nihil
491 3693 808 3750 mutandum
883 3690 1017 3750 Vide
1043 3690 1636 3753 Misc.Obs.1x.283.
1947 3704 1952 3708 ”
