2268 3964
482 180 581 228 AD
618 178 744 228 LIB.
780 180 822 228 1.
856 178 1027 228 ANN.·
1062 179 1121 226 C.
1155 177 1363 227 CORN.
1396 178 1648 230 TACI'I'I.
1925 183 2027 236 887

766 306 1034 361 Nenom
1076 304 1363 359 CAnsAm

850 416 1288 473 Genuamch

1051 506 1067 526 D

611 552 694 589 τι.
732 531 1037 588 Avevsrl.
1079 550 1141 586 N.
1183 530 1325 586 nIvI
1362 532 1518 587 Ave.

587 647 785 703 Peon.
820 647 1130 702 mem.
1167 646 1533 701 Avcvsum

730 780 973 818 sonitu.
1010 763 1397 818 AvcvsTAm.

22 980 27 998 ,
92 927 378 983 memorata
409 928 549 1000 apud
566 926 870 993 Gruterum,
902 946 957 998 p.
981 933 1106 986 237.
1140 946 1190 979 n.
1223 935 1268 980 1.
1296 942 1379 978 v1.
1408 941 1531 978 vm.
1557 926 1829 982 AvasT.
1853 925 2025 988 Seviri

23 1042 41 1089 ᾖ
93 1021 413 1096 Augustales
434 1021 771 1094 appellantur.
849 1019 938 1075 De
974 1021 1052 1074 his
1086 1018 1344 1074 sodalibus
1376 1019 1490 1072 vide
1517 1018 1601 1075 Cl.
1628 1019 1687 1074 N
1690 1022 1811 1088 oris,
1853 1022 2025 1080 Ceno-

22 1112 33 1144 ²
91 1116 235 1187 taph.
263 1099 436 1195 Pisan-
463 1114 686 1170 Dissert.
714 1130 756 1168 1.
783 1134 897 1186 cap.
924 1113 976 1168 6.
1014 1134 1068 1185 p.
1094 1113 1183 1168 56.
1224 1112 1378 1179 Gori,
1418 1111 1660 1185 Inscript.
1685 1115 1866 1189 Antiq.
1900 1114 2022 1175 Vol.

27 1199 37 1261 ἱ
97 1226 168 1263 11.
191 1230 248 1281 p.
273 1217 361 1264 54.

24 1299 25 1302 ¹
166 1300 382 1357 Sodales
415 1301 467 1357 Τ
461 1303 609 1357 atim.
662 1299 746 1356 Ita
786 1298 915 1356 MS.
959 1301 1101 1356 Flor.
1141 1298 1392 1355 editiones
1435 1311 1646 1369 vetereS,
1685 1302 1934 1359 Ernestus
1973 1317 2027 1361 et

90 1396 414 1450 recentiores.
515 1395 726 1467 Lipsius
773 1407 826 1449 et
868 1394 952 1449 alii
1002 1394 1232 1450 nonnulli
1280 1395 1387 1448 sine
1432 1395 1682 1451 librorum
1725 1398 2026 1454 auctoritate

39 1503 50 1528 ··
89 1491 380 1555 emendant,
425 1487 608 1543 Titios.
636 1487 892 1542 Praetered
916 1488 1138 1560 plurima
1161 1487 1423 1559 disputant
1446 1488 1763 1560 interpretes,
1788 1502 1847 1545 ut
1867 1490 2026 1547 Taci-

35 1636 37 1642 ,
88 1597 201 1641 tum
226 1602 401 1637 secum
428 1583 639 1636 minime
666 1584 951 1637 consentire
974 1581 1222 1635 evincant.
1298 1581 1410 1637 Hie
1447 1583 1582 1636 enim
1619 1583 1818 1639 sodales
1841 1585 2024 1642 Tatios

88 1677 123 1734 ὸ
144 1676 303 1734 Tatio
327 1676 587 1731 institutos
610 1676 791 1743 tradit3
837 1687 890 1730 et
911 1675 1041 1729 infra
1065 1675 1209 1730 Hist.
1238 1692 1306 1728 11.
1329 1683 1422 1737 95.
1447 1696 1536 1730 eos
1560 1674 1592 1729 ὲ
1618 1676 1851 1732 Romulo
1864 1671 2025 1737 Tatio

31 1752 54 1848 5
89 1771 197 1844 regi
241 1782 469 1827 sacratos
513 1769 654 1826 dicit.
754 1770 993 1841 Pugnam
1041 1770 1113 1824 sic
1163 1768 1333 1824 dirimi
1383 1790 1535 1853 posse
1589 1772 1728 1827 recte
1771 1772 2027 1832 existimat

36 1876 57 1939 '‚·
93 1865 342 1923 Pichem.
433 1864 636 1930 Tatius,
679 1864 992 1919 Sabinorum
1053 1882 1162 1930 rex,
1218 1863 1270 1917 in
1317 1875 1516 1936 partem
1560 1864 1786 1921 Romani
1823 1867 2027 1940 imperii

36 1932 56 1987 ε’
86 1973 349 2032 acceptus,
399 1958 585 2014 Tatios
625 1958 823 2013 sodales
864 1957 1100 2023 instituit,
1153 1977 1218 2011 ne
1263 1956 1572 2014 Sabinorum
1609 1958 1788 2030 religio
1819 1962 2025 2032 periret.

91 2052 321 2108 Mortuo
343 2051 523 2119 Tatio,
546 2051 745 2108 sodales
769 2050 886 2108 issos
918 2051 1018 2124 ipsi
1057 2050 1216 2106 Tatio
1240 2051 1455 2106 sacravit
1479 2051 1757 2120 Romulus,
1785 2065 1844 2108 ut
1878 2055 2027 2110 Sabi-

39 2133 61 2163 ⁴
88 2150 272 2202 norum
291 2146 489 2200 animos
514 2146 700 2200 certius
725 2146 1019 2200 devinciret.
1091 2145 1146 2200 A
1168 2144 1336 2200 Tatiis
1360 2145 1620 2200 sodalibus
1644 2146 1827 2202 diversi
1855 2149 2026 2204 viden-

87 2252 189 2306 tur,
212 2239 410 2295 sodales
439 2240 574 2295 Titii
588 2261 606 2304 ‚-
643 2241 723 2294 ita
765 2239 895 2294 dicti
918 2238 952 2295 ὰ
983 2239 1137 2294 Titiis
1160 2240 1343 2296 avibus
1367 2258 1498 2314 quas
1529 2241 1588 2295 in
1613 2241 1852 2317 auguriis
1875 2243 2028 2298 certis

87 2330 358 2390 observare
379 2332 561 2400 solent,
599 2334 787 2400 Varro,
806 2336 869 2388 de
896 2332 1105 2404 Lingua
1132 2333 1249 2388 ht.
1278 2351 1364 2387 1v.
1388 2354 1442 2405 p.
1468 2341 1558 2389 23.

168 2427 314 2483 Tunc
342 2426 575 2500 primum
615 2439 795 2501 coepta.
853 2427 1161 2493 Beroaldus,
1204 2435 1404 2500 coeptos.
1481 2426 1702 2500 Optime
1744 2429 2031 2485 emendavit
2059 2476 2065 2483 .

91 2521 323 2594 Lipsius,
347 2530 530 2595 σῶμα.
605 2520 694 2575 Sic
719 2521 855 2575 enim
880 2523 1010 2576 infra
1033 2540 1148 2593 cap.
1174 2527 1264 2581 77.
1304 2519 1387 2576 At
1409 2519 1606 2575 theatri
1628 2521 1840 2578 licentia
1850 2523 2029 2595 priore

89 2616 231 2669 anilo
255 2623 418 2689 caepta
439 2613 659 2690 gracilis
684 2624 793 2669 tum
817 2615 1007 2690 erupit.
1083 2614 1172 2670 De
1197 2614 1468 2687 multiplici
1488 2615 1854 2687 Augustalium
1878 2616 2029 2672 ludo·

86 2727 204 2765 rum
247 2709 562 2766 instimtione
598 2709 714 2763 vide
758 2709 1008 2775 Dionem,
1051 2726 1170 2763 mv.
1202 2729 1256 2782 p.
1282 2716 1387 2769 527
1414 2721 1469 2764 et
1492 2716 1618 2765 545.
1660 2729 1781 2766 1.v1.
1821 2733 1875 2784 p.
1900 2714 2027 2768 600.

52 2799 245 2901 ι..Λίἱοει
267 2802 418 2858 ludos
441 2803 542 2858 hoc
573 2822 707 2857 anno
730 2801 764 2856 ὲ
793 2803 942 2857 Livia
977 2802 1232 2857 institutos
1271 2802 1463 2857 ibidem
1502 2816 1772 2859 memorat.
1861 2805 2029 2877 Lipsii

53 2903 73 2967 ,θ’
87 2894 515 2961 emendationem,
563 2906 747 2969 caepta,
796 2896 1016 2951 editores
1068 2915 1247 2951 omnes
1294 2909 1643 2951 assumserunt
1680 2898 1734 2951 in
1775 2899 2028 2968 ordinem,
2067 2939 2074 2947 ,

51 2979 279 3108 {Tacito
321 2989 435 3062 ipso
476 2991 606 3045 infra
654 3002 879 3055 auctore,
925 2990 1081 3044 aiunt.
1175 2989 1319 3051 Quid
1355 2990 1442 3045 ille
1478 2990 1627 3045 affert
1663 2991 1791 3045 infra
1838 3010 1886 3046 c.
1920 2993 2029 3053 ⁶77?

86 3079 304 3155 Nempe
328 3082 421 3138 Ιιοε
447 3104 585 3138 anno
614 3094 830 3156 coeptum
860 3083 1054 3138 theatri
1079 3083 1359 3139 licentiam.
1431 3083 1634 3138 Tamne
1658 3085 1794 3151 sero,
1833 3095 1885 3139 et
1916 3085 2031 3141 uni-

74 3178 322 3243 ,vemm?
364 3175 650 3231 Licentinm
676 3177 976 3232 histrionum
1018 3189 1070 3233 et
1113 3179 1371 3233 fautorum
1387 3178 1501 3251 jam
1535 3178 1729 3232 dudum
1764 3181 1860 3234 sub
1885 3179 2027 3251 Aug.

193 3268 531 3343 tomimorupi
579 3282 807 3326 amatore
854 3270 1228 3327 studiosissimo
1272 3270 1557 3337 invaluisse,
1606 3283 1658 3326 et
1688 3271 1810 3344 ipss
1847 3293 1927 3328 res
1976 3284 2029 3328 et

128 3359 140 3370 '
171 3362 316 3417 toriae
364 3359 661 3438 loquuntur.
733 3365 856 3421 Jam
911 3364 1162 3420 Horatius
1219 3364 1427 3438 plebem
1474 3365 1527 3419 in
1583 3365 1781 3421 theatro
1836 3366 2030 3422 viderat

189 3474 387 3529 regnare
422 3467 693 3530 paratam,
727 3459 772 3513 si
803 3458 1122 3514 discordaret
1160 3477 1324 3533 eques.
1421 3456 1646 3514 Minime
1690 3459 1813 3531 ergo
1857 3471 2027 3516 totum

64 3543 190 3609 ⁹3¹oe
214 3568 373 3620 genus
395 3550 610 3608 licentiae
634 3561 759 3607 tunc
783 3552 1041 3607 invectum
1065 3551 1164 3607 dici
1203 3552 1390 3625 potuit,
1428 3553 1548 3608 cum
1581 3552 1689 3608 ludi
1717 3551 2027 3625 Augustales

69 3612 360 3713 αἰιὴι-ειιιῑιης
397 3645 486 3700 sed
517 3645 614 3701 hos
653 3645 803 3703 ludos
844 3654 967 3702 tunc
982 3645 1218 3719 primum
1245 3646 1505 3702 institutos
1529 3646 1751 3703 turbavit
1773 3644 2026 3703 discordia

58 3110 78 3137 S
