2268 3964
546 216 927 268 ANNALIUM
964 215 1168 268 mmm
1202 182 1542 276 QUARTUS.
1902 216 2007 271 26⁵

50 347 57 358 ’
86 355 164 416 ad
190 351 365 413 vitam
392 347 596 429 procul
623 344 1099 420 Roma,'amoenis
1126 343 1266 406 locis
1291 344 1638 428 degendam,
1664 345 2005 430 impelleret:

90 449 284 511 Multa
309 445 523 528 quippe
549 444 885 525 providebat
909 464 927 504 :
991 440 1099 502 sust
1126 441 1188 501 in
1214 444 1390 502 manu
1418 442 1641 504 aditus:
1687 444 2007 518 literarum„

86 566 204 626 que
233 541 445 625 magna
473 562 549 601 ex
575 554 736 620 parte
757 560 818 599 se
837 538 1119 599 arbitrum
1147 535 1295 612 fore,
1313 539 1456 598 cum
1483 559 1590 619 per
1615 540 1821 601 milites
1847 563 2008 603 com.-

90 654 387 701 mearent:
433 659 575 698 mox
605 639 919 709 Caesarem,
949 650 1222 716 vergente
1242 638 1360 717 jam
1389 634 1640 709 senecta,
1668 651 2009 719 secretoque

90 736 204 798 loci
230 735 541 807 mollitum,
585 732 781 792 munia
816 731 1038 811 imperii
1074 729 1302 791 facilius
1334 731 1772 794 tramissurum:
1818 747 1876 794 et
1901 735 2008 795 mi-

88 833 192 893 nui
237 831 343 892 sibi
383 829 677 902 invidiam,
720 827 949 887 ademta
993 827 1340 887 salutantum
1378 827 1549 894 turba
1574 853 1591 903 3
1657 829 2010 911 sublatisque

88 929 371 1001 inanibuS‚
415 926 553 987 vera
598 922 875 1006 potentia·
901 926 1154 1005 augere.¹
1239 923 1421 1005 Igitur
1464 925 1735 1004 paulatim
1775 926 2008 1009 negotia

89 1026 269 1097 urbiS,
310 1023 508 1105 populi
535 1022 831 1093 adcursuS‚
873 1019 1300 1080 multitudinem
1327 1020 1703 1081 adfluentium
1729 1021 2006 1104 increpat,

89 228 140 279 J.
176 226 239 277 C.
269 229 352 276 25.
439 270 442 273 Α

90 1122 375 1182 extollens
412 1119 676 1179 laudibus
725 1123 768 1152 “
787 1116 1039 1201 quietem
1067 1130 1123 1176 et
1153 1117 1560 1178 solitudinem:
1606 1118 1767 1201 queis
1810 1120 2010 1181 abesse

88 1223 132 1253 “
162 1218 330 1279 taedia
347 1231 406 1277 et
424 1208 787 1288 offensiones,
808 1233 876 1275 ac
897 1212 1187 1295 praecipua
1214 1215 1437 1274 rerum²
1463 1214 1716 1292 maxime
1738 1215 2003 1298 agitari.”

170 1421 273 1473 42.
314 1415 418 1473 Ac
463 1429 673 1471 ron-rx
721 1408 911 1468 habita
951 1428 1055 1489 per
1090 1407 1219 1469 illos
1246 1407 1366 1469 dies
1393 1408 1467 1479 de
1495 1409 1743 1471 Votieno
1771 1411 2006 1471 Monta..

87 1511 209 1583 κιο,ἲ
251 1507 493 1570 celebris
517 1505 729 1588 ingenii
756 1505 903 1579 vim,
932 1504 1206 1587 cognitiO‚
1235 1519 1600 1568 cunctantem
1635 1510 1759 1589 jam
1783 1505 2006 1575 Tiberi-

89 1626 189 1667 um
219 1604 492 1686 perpulit,
541 1619 606 1664 ut
645 1603 908 1663 vitandos
936 1602 1196 1662 crederet
1224 1619 1455 1683 patrum
1482 1619 1670 1669 coetus
1695 1624 2006 1687 vocesque,

88 1722 222 1784 quae
249 1702 594 1782 plerumque
621 1721 774 1761 verae
801 1714 857 1760 et
893 1720 1101 1781 graves
1124 1721 1321 1760 coram
1353 1700 1801 1782 ingerebantur:
1847 1721 2009 1774 nam,

88 1798 375 1880 postulato
405 1798 674 1870 Votien0,
716 1804 759 1832 ‘⁶
787 1799 864 1857 ob
910 1796 1283 1858 contumelias
1325 1797 1386 1856 in
1437 1799 1728 1859 Caesarem
1763 1797 2008 1871 dicta8,”

88 1894 247 1956 testis
300 1895 592 1970 AEmilius,
637 1893 672 1955 ὲ
721 1894 1059 1955 militaribus
1103 1894 1260 1968 viris,
1305 1895 1448 1978 dum
1494 1894 1682 1981 studio
1726 1894 2009 1975 probandi

90 2006 301 2052 cuncta
341 1990 541 2064 refert,
578 2006 636 2052 et
672 2013 1025 2074 quamquam
1057 1992 1207 2052 inter
1233 1994 1626 2074 obstrepentes
1672 1991 1885 2074 magna
1912 1992 2009 2052 ad-

89 2088 441 2150 severatione
467 2088 686 2163 nititur,
707 2088 921 2149 audivit
947 2088 1214 2149 Tiberius
1241 2091 1475 2169 probra,
1497 2088 1658 2169 queis
1684 2109 1790 2169 per
1815 2089 2010 2150 occul-¹

90 2197 217 2245 tum
246 2185 632 2246 lacerabatur:
677 2186 942 2267 adeoque
969 2186 1267 2268 perculsus
1295 2200 1400 2259 est,
1430 2200 1494 2245 ut
1523 2191 1565 2221 “
1587 2206 1649 2246 se
1675 2184 1768 2245 vel
1797 2184 2006 2257 statim,

90 2286 137 2316 ‘⁴
163 2281 256 2343 vel
276 2282 337 2342 in
357 2282 708 2365 cognitione*
732 2299 1118 2365 purgaturum
1136 2285 1178 2310 '’
1223 2283 1535 2343 clamitaret
1562 2305 1580 2356 ;
1626 2281 2009 2364 precibusque

90 2378 517 2460 proximorum,
558 2378 883 2439 adulatione
930 2379 1215 2454 omnium,
1264 2379 1423 2463 aegre
1472 2394 1847 2460 componeret
1893 2378 2010 2439 ani·

91 2493 275 2535 mum.
358 2476 436 2536 Et
463 2476 742 2537 Votienus
779 2476 1014 2557 quidem
1041 2477 1343 2559 majestatis
1372 2476 1559 2557 poenis
1584 2474 1844 2537 adfectus
1881 2479 2008 2538 est-⁵

93 2571 293 2633 Caesar
317 2573 601 2655 objectam
642 2572 747 2634 sibi
781 2575 1061 2635 adversus
1101 2595 1231 2634 reos
1271 2572 1694 2635 inclementiam
1721 2571 1796 2632 εὸ
1825 2572 2010 2653 pervi-

89 2667 287 2729 cacius
313 2669 639 2751 amplexus,
681 2670 1001 2753 Aquiliam,
1050 2671 1312 2733 adulterii
1349 2671 1617 2745 delatam,
1668 2689 1806 2730 cum
1834 2669 2012 2730 Vario

1102 2925 1175 2965 rat
1199 2916 1306 2964 Lib.
1333 2929 1419 2964 111.
1461 2915 1762 2967 Controvers.
1790 2919 1871 2963 20.

1165 2981 1189 3010 ⁴
1229 2983 1273 3030 V
1271 2984 1315 3031 el
1346 2983 1524 3039 statim,
1562 2982 1637 3031 vel
1658 2983 1705 3030 in
1730 2982 2008 3046 cognitione.

160 2909 179 2934 ⁸
220 2911 573 2978 Verdpotentid
595 2932 785 2980 augere.
844 2917 1000 2981 Seque

96 2977 207 3028 vei-A
258 2982 472 3045 potentia
516 2982 727 3046 gliscere,
773 2999 999 3033 cresccre.

96 3045 222 3095 vide
262 3060 358 3097 not.
400 3060 447 3097 et
487 3051 673 3098 emend.
713 3052 774 3098 ad
821 3050 999 3099 Annal-

98 3126 176 3164 lv.
196 3119 280 3162 41.

162 3175 186 3201 ²
220 3181 466 3245 Proecipua
490 3200 662 3233 rerum.
733 3185 904 3248 ibique
928 3200 999 3232 ros

96 3249 364 3314 precipuas
387 3249 572 3308 melius,
601 3251 750 3315 quam
778 3253 825 3301 in
856 3252 997 3301 Urbis

43 3327 45 3331 ’
96 3316 312 3368 multu
336 3318 526 3365 tractari
553 3334 611 3366 nc
636 3319 810 3382 peragi.

163 3377 183 3407 ³
223 3382 420 3431 Votieno
437 3383 684 3434 Montano.
724 3387 796 3436 De
816 3386 902 3435 illo
920 3387 1000 3434 Se·

44 3462 45 3467 ’
97 3462 234 3507 nmo,
263 3464 335 3499 tv.
360 3452 664 3500 Controvers.
686 3457 768 3502 28.
805 3452 999 3501 Monta-

43 3512 47 3524 *
98 3532 183 3565 nm
213 3517 455 3575 Votienus,
486 3517 616 3567 homo
636 3521 885 3580 rarissimi,
913 3521 998 3567 eti·

44 3627 46 3630 ,
96 3584 212 3632 ami
262 3602 351 3633 non
405 3586 759 3638 emendatissimi
803 3587 996 3652 ingenii.

101 3648 243 3700 Illum
266 3651 295 3700 a
322 3651 505 3701 vinitio
521 3665 805 3702 accusatum
823 3670 1000 3703 memo-

425 3750 573 3794 VOL·
617 3752 659 3793 1.

1104 3049 1193 3098 vel
1219 3052 1376 3098 statim
1410 3066 1457 3096 se
1494 3060 1827 3114 purgaturum,
1868 3049 1940 3096 vel
1969 3049 2006 3096 si

1102 3118 1313 3174 mallent,
1340 3121 1387 3165 in
1414 3117 1647 3181 peculiari
1669 3118 1937 3178 cognitione
1960 3126 2008 3165 ct

1100 3186 1275 3232 auditis
1301 3186 1516 3233 testibus.
1585 3182 1784 3232 Frustra
1808 3184 2006 3247 quidum

1099 3253 1366 3309 emendant,
1387 3252 1434 3299 in
1461 3252 1689 3300 concione.

1169 3316 1185 3346 ⁵
1225 3318 1379 3368 I'aenis
1399 3318 1614 3384 adfectus
1635 3326 1722 3366 est.
1773 3317 2008 3379 Eusebius

1100 3388 1148 3435 in
1195 3386 1422 3436 Chronic.
1475 3385 1537 3433 ad
1585 3400 1767 3434 anuum
1815 3387 2007 3436 tertium

1100 3452 1421 3518 Olympiadis,
1443 3457 1559 3501 201.
1582 3452 1781 3512 Tiberii,
1814 3460 1888 3502 14.
1915 3453 2010 3503 Vos

1100 3521 1252 3569 tientes
1271 3520 1546 3578 Montanus,
1565 3520 1886 3569 Narbonensis
1902 3537 2007 3569 ora·

1100 3596 1193 3644 tor,
1224 3589 1272 3635 in
1303 3585 1576 3637 Balearibus
1600 3587 1765 3646 insulis
1790 3590 2007 3647 moritur,

1098 3653 1211 3704 illuc
1235 3658 1264 3704 d
1293 3653 1479 3704 Tiberio
1503 3655 1756 3718 relegatus.
1822 3707 1837 3716 ‚-
