2268 3964
0 3898 5 3964 l

11 3485 52 3528 .e‚

1069 151 1195 221 xiii

95 324 97 327 v
181 364 413 457 gessit,
498 362 583 431 ea
615 360 902 430 tratione
975 366 1058 427 ut
1124 356 1293 427 nihil
1369 354 1655 449 quidem
1729 348 2097 428 uberrimae

176 498 578 568 eruditionis
638 504 710 566 et
757 495 1140 565 sedulitatis
1188 488 1904 563 indefessaeBrotierii
1936 493 2102 563 doc-

177 634 423 701 tissimi
473 634 688 703 lector
717 650 1034 723 unquam
1059 630 1498 699 desideraret.
1596 627 1832 698 Multa
1863 621 2099 698 tamen

178 768 267 836 ad
306 767 628 836 Historiae
660 767 769 835 vel
796 765 1260 859 Geographiae
1297 766 1633 834 rationem
1658 765 2098 857 pertinentia,

180 928 341 996 quae
373 904 780 996 plerumque
804 925 1127 994 expressa
1152 902 1454 970 tironum
1487 901 1796 997 ipsorum
1820 900 2099 980 fastidio

177 1039 292 1109 ille
325 1039 761 1131 repetiverat,
810 1037 1065 1130 saepius
1097 1037 1452 1106 reticenda
1472 1036 1957 1130 judicavimus.

274 1308 471 1377 Dum
523 1316 756 1378 autem
800 1309 1064 1379 atrocia
1097 1333 1222 1402 per
1253 1317 1477 1377 totam
1514 1307 1875 1400 Europam
1910 1307 2102 1376 omni

175 1445 573 1538 rapinarum
605 1463 853 1538 genere
883 1445 1266 1536 grassantia
1288 1444 1496 1537 latius
1517 1443 1701 1513 bella
1718 1418 2099 1523 exardent3

178 1581 351 1650 dum
405 1579 498 1649 ad
552 1577 1043 1649 continentem
1099 1581 1328 1649 aditus
1390 1581 1821 1674 ingeminato
1875 1580 2102 1650 furore

28 1710 30 1714 ¹
126 1765 131 1770 ·
173 1707 456 1810 penitus
504 1716 1012 1811 intercluditur,
1061 1717 1176 1786 vix
1224 1717 1646 1809 sperandum
1690 1725 1797 1785 est
1842 1715 1988 1786 fore
2021 1724 2102 1785 ut

20 3593 42 3662 ’ἶ

20 3665 57 3964 ᾗ

178 1877 394 1922 unum
427 1863 500 1923 et
548 1853 844 1921 alterum
894 1852 1251 1946 exemplar
1282 1861 1478 1922 extra
1522 1851 1966 1922 Britannicas
1999 1853 2102 1921 in-

176 1987 361 2057 sulas
411 1996 886 2082 exportentur.
963 1988 1047 2058 In
1081 1998 1246 2059 voto
1278 1989 1480 2059 nobis
1512 1990 1724 2082 igitur
1754 1988 1886 2057 fuit
1916 1998 1996 2059 ut
2027 1989 2102 2058 in

174 2149 380 2193 usum
412 2125 822 2217 nostratium
873 2150 1055 2195 nova
1107 2125 1259 2195 haec
1292 2132 1811 2218 compararetur
1841 2123 2100 2204 editio;

179 2261 374 2352 quod
431 2270 504 2329 et
560 2263 795 2331 nostra
850 2271 923 2331 et
957 2262 1251 2332 aliorum
1284 2261 1631 2331 sententia
1662 2248 1881 2355 magis
1914 2285 2103 2353 corn-

173 2397 382 2467 mode
407 2398 782 2480 effecimuS,
817 2398 980 2468 cum
1005 2399 1285 2468 editoris
1315 2397 1761 2468 erudit-issimi
1781 2422 2009 2467 rerum
2029 2406 2104 2468 et

179 2534 549 2603 verborum
582 2534 1121 2627 explicationem
1154 2560 1240 2606 ex
1273 2536 1486 2630 ipsius
1520 2536 1760 2629 lingua
1782 2537 1857 2605 in
1888 2536 2100 2606 verba

171 2668 503 2737 nostratia
538 2670 923 2755 transferre,
971 2682 1055 2742 et
1097 2696 1416 2742 nummos
1474 2672 1859 2755 'Romanor-3,
1916 2692 2099 2764 quos

174 2803 290 2872 ille
340 2803 430 2873 ad
490 2803 839 2876 Gallicam
892 2812 1205 2879 normam
1263 2780 1935 2892 accommodaverat,
2005 2807 2097 2878 a'd

174 2936 488 3031 Anglicae
520 2953 819 3012 monetae
855 2946 1193 3015 rationem
1218 2946 1291 3015 in
1312 2969 1515 3016 usum
1536 2946 1926 3043 juventutis
1958 2955 2101 3017 stu-

178 3072 389 3143 diosae
423 3076 735 3162 reddere,
786 3082 1290 3152 constituimus.
1371 3068 1373 3071 Α

271 3343 555 3429 Forsan,
617 3349 873 3421 Lector
931 3353 1014 3421 B.
1079 3378 1219 3423 non
1274 3351 1487 3427 modo
1539 3353 1726 3423 haud
1782 3376 2105 3447 superva-

176 3502 499 3566 caneum,
551 3486 666 3556 sed
726 3490 936 3559 etiam
996 3478 1298 3563 tironum
1333 3492 1754 3585 quibusdam
1787 3489 2103 3584 apprime
