2268 3964
115 235 165 284 J.
187 235 247 284 c.
275 237 354 289 19.
1953 236 2049 290 139

110 357 366 443 paternis
381 354 632 420 consiliis
657 357 1022 422 adversatum
1044 357 1362 430 constabat,
1388 356 1566 438 inque
1586 357 1799 421 h'beros
1816 361 2050 444 Cotyis‘

109 445 420 519 dividitur:
463 455 648 536 iisque
695 449 962 516 nondum
989 454 1199 516 adultis
1226 455 1631 516 Trebellienus
1659 455 1860 517 Rufus
1899 477 2052 540 pree-⁴

108 553 240 615 turfi
268 552 504 614 functus
532 553 725 627 datur,
752 551 854 633 qui
880 572 1133 634 regnum
1172 550 1404 613 interim
1445 565 1735 627 tractaret,
1776 557 2050 637 exemplo

107 668 232 732 quo
256 652 506 734 majores
532 651 806 710 Marcum
841 648 1133 728 Lepidum
1150 651 1173 676 ⁸
1203 647 1506 709 Ptolemaei
1542 648 1734 710 liberis
1772 664 2051 728 tutorem,

105 747 167 807 in
193 745 523 830 AEgyptum
547 746 840 808 miserant.
886 745 1724 826 RhescuporisAlexandriam
1753 746 2053 825 devectuS,

104 858 282 927 atque
307 843 425 906 illic
451 842 658 927 fugam
683 855 945 917 tentam,
961 861 1036 902 an
1062 842 1217 903 ficto-
1230 843 1492 917 crimine,
1518 842 1879 907 interficitur.
1970 866 1973 871 ·

563 220 967 278 ANNALIUM'
987 222 1193 275 [ABER
1228 226 1613 303 SEJCUNDUS.

185 1046 289 1099 68.
330 1037 468 1100 Pu
495 1036 653 1099 idem
694 1050 926 1119 tempus
954 1037 1254 1112 VononeS,
1280 1057 1459 1120 quem
1507 1053 1770 1100 amotum
1803 1040 1864 1101 in
1895 1041 2052 1104 -OEE-

100 1133 252 1196 ciam
277 1134 639 1210 memoravi‚³
661 1128 950 1217 corruptis
970 1136 1305 1201 custodibus
1333 1136 1593 1220 effugere
1613 1139 1687 1198 ad
1709 1139 2046 1216 Attuarios,

97 1232 237 1294 inde
268 1232 331 1294 in
372 1235 636 1296 Albanos
662 1233 1165 1316 Heniochosque,⁴
1190 1248 1249 1295 et
1274 1234 1771 1318 consanguineum
1811 1234 1926 1296 sibi-
1950 1250 2050 1297 re-

98 1350 237 1413 gem
262 1331 616 1414 Scytharum
651 1346 893 1396 conatus
913 1348 1036 1394 est:
1080 1332 1271 1414 specie
1306 1332 1576 1407 venandi,
1603 1331 1826 1394 omissis
1872 1334 2050 1394 mari-·

96 1427 251 1489 timis
295 1428 458 1504 loeis,
506 1429 631 1491 avia
674 1430 929 1491 saltuum
975 1431 1170 1512 petiit:
1233 1452 1376 1492 mox
1417 1430 1755 1513 pernicitate
1788 1430 1923 1512 equi
1965 1431 2044 1492 ad

95 1518 332 1587 amnem
350 1526 670 1609 Pyramum
687 1531 707 1564 ⁵
735 1529 1054 1604 contendit,
1082 1530 1250 1612 cujus
1273 1542 1480 1610 pontes
1500 1528 1720 1589 accolae·
1743 1542 2042 1610 ruperant,

94 1620 292 1683 audita
312 1621 474 1706 regis
501 1621 683 1706 fuga:
727 1643 920 1706 neque
946 1626 1098 1686 vado
1124 1626 1417 1707 penetrari
1438 1614 1682 1707 poterat.
1767 1624 1953 1709 Igitur
1978 1627 2049 1686 in*

94 1717 234 1799 ripn·
250 1718 525 1795 flumini8‚
547 1721 583 1781 a
612 1721 783 1782 Vibio
811 1724 1107 1785 Frontone
1121 1719 1146 1751 ⁶
1171 1722 1451 1805 praefecto
1471 1723 1732 1805 equitum
1759 1723 2009 1784 vincitur
2017 1746 2046 1787 :-

95 1836 240 1878 mox
272 1817 601 1892 Remmius,
637 1825 953 1895 evocatus,⁷
996 1821 1175 1902 priori
1203 1821 1480 1882 custodiae
1528 1821 1682 1904 regis
1722 1821 2050 1902 adpositus5‘

95 1914 257 1995 quasi
278 1936 386 1995 per
410 1914 557 1976 iram
584 1916 779 1998 gladio
808 1940 946 1979 eum
970 1919 1266 2002 transigit:
1314 1920 1470 1980 unde
1494 1921 1678 2001 major
1704 1918 1872 1992 fides,
1901 1940 2038 1979 con-

94 2010 331 2075 scientia
355 2012 610 2088 sceleris,
637 2028 695 2075 et
722 2030 883 2077 metu
905 2016 1120 2092 indicii,
1150 2032 1400 2079 mortem
1429 2015 1663 2078 Vononi
1689 2013 1969 2077 inlatam.⁸

93 2207 259 2266 takes,
280 2208 383 2258 vini
406 2209 523 2269 duo,
545 2209 668 2259 alter
686 2212 866 2274 sedens,
890 2220 1016 2265 stans
1174 2213 1201 2243 ⁴
1216 2215 1424 2264 Albanos
1438 2212 1812 2276 Heniochosque.
1835 2212 2035 2273 Albani,

96 2275 235 2336 alter,
254 2276 444 2325 sinistra
477 2277 662 2327 hastam
690 2291 832 2329 tenet.
875 2284 1017 2333 Forte
1107 2284 1228 2332 mari
1284 2284 1464 2348 Cuspio
1516 2282 1703 2339 vicini3
1775 2281 2032 2339 Heniochi,

93 2343 195 2408 ipse
237 2344 603 2406 Rhoemetalcoe,
637 2347 723 2411 qui
757 2348 1016 2400 Thraciam
1107 2359 1253 2417 ponto
1311 2351 1537 2399 Euxino:
1598 2348 1792 2414 Scythae
1830 2348 1940 2396 vero
1995 2350 2031 2398 ii

93 2421 242 2460 totum
283 2413 347 2460 ab
398 2413 684 2478 imperatore
724 2418 923 2481 accipit,
962 2430 1021 2469 ut
1104 2428 1232 2478 sunt,
1256 2420 1340 2484 qui
1367 2418 1495 2467 intra
1520 2419 1709 2465 Imaum
1731 2417 1965 2465 habitant.
2036 2429 2041 2439 “

93 2481 396 2543 conjectatur
413 2482 477 2530 V.
502 2482 580 2532 Cl.
604 2483 752 2549 Cary,
776 2502 826 2551 p.
849 2490 932 2544 79.
1174 2486 1191 2515 ⁵
1219 2488 1414 2537 Amnem
1436 2487 1707 2551 Pyramum.
1778 2485 2038 2548 Pyramus,-

1105 2554 1350 2604 Cataoniae
1400 2562 1450 2602 et
1502 2553 1688 2601 Ciliciae
1737 2551 2029 2616 Campestris

1103 2623 1293 2682 fluvius,
1322 2622 1382 2670 de
1419 2637 1517 2685 quo
1551 2621 1763 2684 plurima
1796 2634 2031 2670 memorat

1104 2691 1294 2751 Sti-abe,
1320 2704 1423 2739 xn.
1448 2707 1495 2756 p.
1520 2685 1636 2737 536.
1675 2689 1824 2736 Nunc
1848 2689 2030 2739 dicitur

1111 2758 1288 2807 Gihon.

160 2612 177 2636 ¹
206 2614 356 2679 Inque
378 2615 547 2665 liberos
581 2616 762 2683 Cotyis.
833 2620 910 2668 lta
944 2627 1014 2671 ta-

92 2699 201 2731 men
235 2695 294 2731 ut
328 2698 422 2733 non
457 2695 701 2752 regnarent
722 2687 895 2751 singuli
919 2690 1015 2739 Co-

90 2750 183 2815 tyis
208 2749 362 2810 liberi,
381 2753 461 2800 sed
506 2769 630 2803 unus
653 2754 841 2803 tantum
866 2756 1016 2820 impe-

90 2828 229 2867 raret.
300 2820 443 2869 Certe
481 2822 671 2881 Strabo,
694 2837 799 2870 xxx.
820 2838 871 2887 p.
898 2821 1012 2874 556.

90 2886 160 2934 ait
186 2901 353 2948 unum,
374 2895 422 2936 et
451 2899 568 2939 natu
592 2890 878 2948 maximum,
898 2892 1012 2940 cum

89 2953 193 3002 haec
215 2956 458 3014 scriberet,
472 2972 679 3020 regnare.
734 2955 960 3010 Amas-nim
977 2953 1016 3007 3·

1170 2819 1192 2848 ⁶
1231 2826 1365 2875 Vibio
1408 2823 1656 2875 Frontone.
1743 2824 1898 2876 Unius
1935 2825 2026 2874 alae

1101 2893 1344 2957 praefectO.
1411 2892 1541 2940 Vide
1565 2901 1663 2940 not.
1687 2899 1736 2940 et
1755 2891 1945 2941 emend.
1963 2893 2027 2941 ad

1102 2964 1230 3008 Arm.
1255 2977 1315 3010 11.
1340 2958 1425 3010 68.

86 3019 412 3088 o'aegcessz'aeaem
446 3024 601 3073 adra.
675 3027 818 3074 Anno
854 3026 919 3074 U.
953 3028 1012 3077 C.

89 3093 207 3148 792.
234 3090 283 3140 J.
307 3092 366 3140 C.
409 3096 492 3149 39.
526 3091 640 3142 cum
678 3092 828 3142 Caius
861 3093 1014 3143 Thra-

89 3157 215 3206 ciam
255 3166 404 3208 totam
451 3159 766 3210 Rhoemetalci
807 3161 875 3209 11.
921 3172 1014 3212 tru-

88 3224 231 3283 didit,
260 3227 409 3291 Cotys
442 3228 721 3278 Armeniam
765 3229 1014 3291 minorem,

88 3304 136 3340 et
154 3294 385 3357 quasdam
414 3295 605 3344 Arabiae
628 3308 782 3361 partes
806 3300 1012 3363 accepit,

91 3369 142 3407 ut
165 3360 306 3410 docet
329 3361 444 3421 Dio,
470 3376 585 3414 mx.
615 3379 665 3429 p.
697 3359 814 3422 649.
887 3365 1011 3416 Vide

87 3437 136 3476 et
161 3428 560 3493 Supplcmcntum
582 3430 759 3482 Annal.
785 3444 847 3481 11.
870 3430 955 3491 67.

155 3491 179 3515 ²
203 3495 423 3547 Marcum
461 3496 703 3563 Lepidum.
780 3498 1007 3550 Marcum

92 3562 344 3612 AEmilium
364 3564 618 3629 Lepidum,
641 3565 880 3615 Ptolemaei
899 3568 1012 3618 Phi-

8 3675 11 3685 ,,
87 3627 317 3693 lopatoris
355 3632 550 3697 AEgypti
593 3634 709 3698 regis
749 3632 1008 3685 liberorum

91 3704 314 3747 tutorem.
383 3700 509 3750 Vide
543 3711 643 3750 not.
665 3710 714 3750 ct
741 3703 927 3752 emend.
950 3705 1010 3753 ad

88 3767 218 3814 Ann.
247 3780 307 3814 n.
332 3762 415 3821 67.

155 3829 176 3861 ³
203 3834 488 3887 Memor-ari.
558 3836 719 3906 Supra
742 3852 852 3904 cap.
878 3843 959 3888 58.

1171 3025 1191 3055 ⁷
1214 3029 1466 3087 RemmiuS,
1488 3033 1722 3076 evocat-ees.
1764 3028 1799 3074 A
1807 3027 1907 3091 pud
1933 3026 2028 3076 Ro·

1102 3111 1265 3146 manos
1287 3096 1465 3145 militia
1486 3095 1720 3154 defuncti,
1744 3103 1790 3142 et
1833 3095 1894 3143 ad
1917 3111 2025 3144 earn

1102 3165 1328 3220 revocati,
1402 3163 1772 3228 appellabantur
1823 3164 2025 3222 evocati,

1102 3232 1276 3281 Graecc
1329 3229 1599 3288 ἇναίκλητοη,
1643 3230 1752 3277 vide
1799 3230 2022 3291 Dionem,

1105 3314 1231 3348 va.
1262 3316 1310 3365 p.
1338 3294 1453 3351 276.
1492 3314 1577 3347 ιν.
1602 3314 1650 3362 p.
1682 3294 1796 3346 565.
1868 3298 1922 3346 In
1949 3315 2024 3346 vo·

1103 3368 1282 3414 teribus
1304 3367 1592 3431 quibusdam
1616 3364 1788 3419 Taciti
1805 3365 2028 3414 editioni-

1105 3436 1192 3481 bus
1226 3440 1444 3482 evocatus
1480 3448 1567 3497 pro
1605 3433 1794 3481 nomine
1829 3435 2024 3498 proprio

1102 3502 1362 3566 accipitur.
1431 3504 1500 3549 At
1534 3500 1704 3549 molius
1743 3501 2024 3561 Beroaldus',

1103 3570 1400 3627 recentiores,
1444 3578 1493 3615 et
1534 3569 1703 3633 optimi
1749 3568 2024 3632 interpretes

1103 3637 1390 3701 pronomine
1405 3636 1602 3684 militari
1623 3646 1868 3700 usurpant.
1890 3636 2021 3685 Evo-

1102 3718 1264 3752 cxros
1292 3720 1414 3768 saepe
1450 3713 1714 3751 memorant
1743 3713 1916 3752 veteres
1953 3703 2027 3752 lad

1104 3772 1251 3837 pitlcS.

1171 3836 1190 3864 ⁸
1216 3838 1424 3891 Mortem
1452 3836 1632 3887 Vononi
1655 3838 1865 3888 inlatam.
1903 3841 2021 3889 Suc-
