2268 3964
233 140 298 184 42
840 131 897 176 e.
934 127 1269 177 CORNELII
1304 128 1536 178 T-Aem
1783 133 1846 179 A.
1874 131 1936 180 U.
1959 131 2018 180 c.
2042 129 2159 188 767.
2241 107 2245 113 ’

231 275 468 324 verant:
530 255 772 341 pecunia
828 271 887 320 et
946 257 1160 334 missi0‚
1231 257 1492 341 quamvis
1553 275 1685 319 non
1755 257 2159 341 flagitantibuS,
2245 251 2248 254 ⁴

231 359 423 422 oblata
450 371 554 418 est.

316 561 418 612 38.
461 553 568 612 AT
601 568 673 610 m
705 549 1042 611 CHAums‘
1080 560 1407 626 coeptavere
1435 545 1794 621 seditionem,
1831 547 2164 628 praesidium
2242 619 2243 622 Ἴ

229 647 505 731 agitantes
573 644 880 706 vexillarii²
963 644 1316 705 discordium
1384 645 1702 726 legionum,
1781 658 1839 705 et
1895 644 2164 725 praesenti
2243 675 2251 690 ·=

228 747 483 820 duorum
510 742 757 803 militum
800 741 1080 821 supplicio
1117 743 1356 822 paulum
1391 742 1635 822 repressi
1677 755 1829 802 sunt.
1908 743 1946 803 -J
1948 754 2165 802 usserat
2258 801 2262 807 ,

228 842 291 904 id
327 840 600 902 Mennius
654 851 974 899 castrorum
1035 837 1365 918 praefectUS‚
1433 841 1591 901 bono
1639 838 1823 921 magis
1869 838 2164 919 exemplo,

229 937 412 1020 quam
459 931 732 998 concesso
780 937 958 1018 jure.³
1061 936 1294 1001 Deinde
1341 935 1754 999 intumescente
1803 950 1990 1009 motu,
2032 956 2164 1016 pro-

231 1034 408 1118 fugus
461 1047 859 1114 repertusque,
917 1031 1228 1115 postquam
1274 1034 1475 1097 intutae
1519 1035 1775 1107 latebrae‚
1820 1033 2165 1112 *praesidium
2230 1038 2243 1098 js

230 1135 305 1195 ab
336 1130 572 1194 audacia
601 1145 898 1192 mutuatur
916 1134 971 1192 :⁴
1011 1137 1054 1168 ‘⁶
1081 1133 1144 1193 N
1146 1152 1223 1192 on
1260 1130 1603 1212 praefectum
1646 1133 1718 1192 ab
1750 1130 1838 1203 iis,
1879 1130 1982 1190 sed
2013 1132 2165 1191 Ger-
2234 1159 2241 1170 „

231 1235 276 1266 ‘⁶
304 1228 594 1290 manicum
639 1230 871 1303 ducem,
888 1278 906 1285 -
929 1230 1031 1291 sed
1084 1229 1384 1291 Tiberium
1448 1230 1851 1309 imperatorem
1899 1225 2165 1287 violari.’'

228 1326 416 1388 Simul
476 1325 758 1386 exterritis
816 1325 915 1406 qui
981 1325 1335 1400 obstiterant,
1419 1340 1650 1406 raptum
1721 1324 2031 1384 vexillum⁵
2089 1324 2163 1383 ad

229 1423 415 1503 ripam
431 1417 455 1449 ⁶
501 1420 691 1494 vertit,
749 1434 807 1481 et
876 1428 919 1456 “
966 1421 1014 1482 si
1058 1421 1189 1502 quis
1239 1421 1467 1504 agmine
1515 1421 1864 1495 decessisset,
1914 1442 2024 1500 pro
2066 1421 2164 1486 de·
2230 1434 2234 1439 ’

220 1525 275 1593 ξ(
302 1532 520 1580 sertore
561 1515 737 1579 xfore’'
777 1518 1092 1594 clamitanS,
1139 1519 1374 1582 reduxit
1398 1519 1459 1580 in
1501 1518 1742 1580 hiberna
1781 1516 2068 1592 turbidos,
2107 1532 2167 1580 et
2230 1597 2231 1601 Ἰ

231 1614 372 1678 nihil
400 1635 588 1676 ausos.
2226 1622 2230 1625 ⁴

316 1815 417 1870 39.
460 1809 766 1871 INTEREA
809 1807 980 1893 legati
1041 1813 1113 1872 ab
1154 1825 1376 1885 senatu,
1437 1830 1765 1894 regressum
1798 1811 1951 1892 jam⁷
2009 1811 2168 1892 apud
2216 1867 2218 1872 ,

234 1907 422 1966 Aram
449 1906 744 1967 Ubiorum
790 1908 1208 1970 Germanicum
1235 1909 1466 1971 adeunt.
1572 1909 1728 1970 Duae
1771 1906 1850 1969 ibi
1887 1906 2165 1990 legioneS,

235 2001 421 2083 prima
460 2016 633 2085 atque
659 2004 945 2081 vicesima,
987 2007 1353 2089 veteranique
1400 2027 1588 2087 nuper
1615 2004 1771 2067 missi
1811 2006 1920 2066 sub
1948 2004 2164 2066 vexillo
2228 1995 2255 2089 'j'

236 2099 580 2161 hiemabant.
683 2101 928 2165 Pavidos
971 2118 1028 2166 et
1055 2103 1400 2167 conscientia
1426 2104 1704 2166 vecordes
1745 2102 1916 2163 intrat
1953 2116 2164 2177 metm,
2214 2119 2223 2193 J
2244 2112 2251 2162 J

1252 2291 1362 2322 rum
1381 2279 1498 2333 erat,
1532 2272 1613 2321 sed
1637 2269 1834 2329 tribuni,
1857 2269 2164 2330 centurionis,

1251 2357 1309 2389 ac
1335 2342 1489 2389 ducis.
1547 2341 1729 2403 Digest.
1754 2353 1910 2386 xmx.
1928 2337 2027 2384 Tit.
2046 2353 2162 2386 ΧΠ.

1252 2409 1342 2472 leg.
1370 2414 1429 2456 12
1445 2419 1492 2456 et
1519 2413 1598 2457 13.
1669 2408 1774 2455 Nec
1792 2407 1874 2469 jus
1898 2405 2044 2468 gladii
2071 2406 2163 2453 nisi
2216 2410 2236 2462 ῥ’

1252 2475 1391 2540 penes
1434 2476 1663 2539 legatum.

1253 2558 1374 2590 L111.
1399 2561 1448 2607 p.
1474 2547 1588 2591 505.

310 2267 327 2289 ¹
354 2268 425 2316 At
443 2269 494 2316 in
518 2265 731 2318 Chauci-5.
802 2271 916 2319 Non
938 2271 1083 2320 modo
1103 2273 1152 2321 in

242 2337 486 2401 superiore
530 2346 578 2385 et
618 2337 839 2386 inferiore
878 2337 1152 2399 Germania,

242 2420 325 2451 seu
362 2400 671 2463 Cisrhenana,
710 2408 789 2454 sed
821 2407 870 2454 in
905 2406 1010 2471 ipsa
1034 2410 1154 2457 Ger-

241 2467 401 2519 mania
420 2472 463 2519 T
466 2471 780 2520 ransrhenana
816 2476 948 2539 apud
983 2475 1150 2524 Chau-

245 2554 326 2586 cos
372 2541 636 2587 turbatum.
727 2542 843 2589 Inde
892 2549 1040 2606 patet,
1101 2553 1156 2591 ut

245 2607 464 2654 observat
487 2607 757 2655 Bucherius
792 2610 842 2656 in
866 2609 1034 2673 Belgio
1058 2611 1155 2659 Ro-

244 2688 394 2731 ηιαηο,
420 2689 504 2721 111.
523 2679 572 2722 4.
594 2675 738 2722 etiam
758 2685 864 2739 post
887 2677 1152 2725 Varianam

1755 2473 1882 2520 Vide
1937 2472 2162 2533 Dionem,
2216 2471 2229 2526 »ἶ
2244 2479 2247 2537 j

1317 2607 1438 2658 4ΑΙ)
1471 2608 1671 2659 audacis?
1703 2613 1963 2657 mutuatur.
2034 2605 2163 2655 Cum
2237 2620 2267 2663 j

1251 2677 1415 2725 fuisset
1453 2686 1682 2742 repertus,
1723 2691 1810 2723 nec
1858 2683 1974 2722 tutae
2014 2682 2165 2721 essent
2243 2693 2247 2706 ›

245 2740 434 2788 cladem
477 2741 709 2789 nonnulla
746 2745 968 2806 praesidia
1026 2754 1154 2793 trans

247 2807 471 2855 Rhenum
549 2810 776 2856 Romanis
847 2811 1151 2875 superfuisse.

247 2875 398 2923 Porro
424 2875 611 2923 Chauci
636 2877 759 2923 inter
783 2879 1034 2938 Amisiam,
1077 2881 1156 2928 the

247 2941 378 3002 Ems,
411 2953 460 2991 et
494 2943 679 3003 Albim,
718 2942 796 2991 the
818 2945 936 2994 Elbe
970 2946 1155 2995 habita-

247 3011 379 3058 bant.

249 3078 252 3080 ’
315 3073 339 3098 ²
356 3077 633 3126 Praesidium
647 3079 884 3142 agitantes
903 3080 1154 3129 vexillarii.

252 3143 330 3191 De
350 3146 610 3192 vexillariis
631 3147 739 3193 vide
768 3154 866 3195 not.
901 3158 949 3195 et
970 3149 1154 3195 emend.

249 3212 313 3257 ad
333 3214 459 3260 Ann.
495 3228 532 3260 1.
557 3217 641 3260 38.
712 3214 992 3262 Praesidium
1031 3215 1155 3262 illud

249 3276 524 3327 Romanum
548 3281 736 3328 videtur
758 3280 900 3329 fuisse
923 3282 1008 3328 ubi
1025 3297 1157 3329 nunc

250 3344 443 3395 Emden.
534 3347 683 3394 Haud
738 3348 808 3395 ita
845 3344 1158 3412 probabiliter

249 3413 489 3475 conjectat
511 3414 781 3473 Cluverius,
804 3415 1031 3464 German.
1055 3418 1157 3464 An-

253 3480 340 3542 tiq.
365 3495 451 3528 111.
482 3486 557 3528 18.
581 3496 677 3528 esse
700 3481 912 3531 Bremen.

317 3542 338 3572 ³
367 3546 519 3600 Quam
540 3564 749 3596 concesso
762 3552 899 3612 jure.
970 3550 1155 3598 Milites

252 3614 377 3672 enim
402 3615 571 3680 punire
603 3631 697 3664 non
734 3616 947 3682 praefecti
980 3624 1156 3666 castro-

1250 2745 1460 2802 latebrae,
1500 2744 1778 2809 praesidium
1814 2758 1873 2788 ac
1914 2743 2062 2789 robur
2100 2743 2160 2787 ab
2233 2789 2264 2809 „·

1250 2808 1458 2859 audacia
1477 2821 1751 2860 mutuatur.

1316 2877 1337 2907 ⁸
1379 2878 1588 2943 Raptum
1624 2878 1856 2925 vexillum.
1929 2876 2032 2924 Sub
2064 2891 2161 2938 quo
2228 2883 2244 2934 :3

1251 2947 1577 2996 retinebantur
1608 2960 1666 2993 ac
1698 2943 1973 2992 militabant
2012 2943 2164 2991 vexil-

1251 3013 1378 3061 larii.
2234 3051 2236 3054 ,

1258 3119 1260 3121 ,
1319 3074 1444 3128 ⁶Ad
1473 3082 1637 3143 ripam.
1708 3078 1788 3125 Ad
1829 3078 1982 3141 ripam
2026 3077 2163 3124 Ami·
2219 3088 2242 3134 .ξῆ

1251 3148 1349 3205 siae,
1371 3163 1498 3194 nunc
1529 3147 1607 3194 the
1628 3146 1757 3193 Ems.
2256 3154 2260 3173 ’·

1319 3213 1338 3246 ²
1362 3215 1640 3278 Regressmn
1671 3216 1797 3279 jam.
1869 3211 2054 3260 Interea
2097 3211 2179 3259 le-'

1252 3282 1347 3345 gati
1387 3284 1448 3329 ab
1482 3291 1684 3339 -senatu,
1740 3280 2085 3327 Germanicum
2131 3279 2162 3325 ἐι
2221 3307 2225 3315 1

1252 3349 1494 3412 superiore
1529 3349 1762 3405 exercitu,
1785 3363 1867 3394 seu
1905 3342 2162 3394 Germania
2228 3360 2229 3364 ’

1252 3417 1496 3479 superiore
1535 3431 1793 3478 regressum
1838 3413 1968 3477 apud
2011 3415 2161 3460 Aram

1255 3483 1497 3530 Ubiorum
1535 3483 1584 3529 in
1636 3482 1854 3529 inferiore
1898 3478 2159 3528 Germania
2220 3493 2245 3521 τ·

1255 3551 1448 3597 adeunt.
1552 3551 1655 3596 Ara
1706 3548 1961 3609 Ubiorum,

2030 3562 2160 3599 nunc
2215 3549 2241 3613 ξιξ

1259 3617 1408 3679 Bonn,
1428 3633 1542 3666 near
1566 3615 1785 3680 Cologne.
2214 3612 2220 3626 ‘
