2268 3964
315 785 645 858 NOTAE
704 788 842 858 ET
907 789 1844 872 EMENDATIONES

465 1041 565 1090 AD
601 1042 869 1092 LIBRUM
902 1044 1289 1096 SECUNDUM
1324 1050 1708 1101 ANNALIUM

410 1270 490 1341 C.
586 1273 1213 1350 CORNELII
1315 1281 1764 1355 TACITI.

1694 1753 1708 1790 Ι

43 1962 52 2012 3
156 1991 158 1994 >
199 1953 289 2009 CA
301 1973 352 2014 ι».
381 1973 423 2008 1.
460 1937 524 2005 A
553 1959 857 2006 PHRAATE.
897 1951 1036 2007 Cum
1054 1953 1427 2009 intricatissima
1450 1955 1514 2010 sit
1536 1966 1712 2028 regum
1738 1958 2050 2016 Parthorum

40 2061 43 2082 ³
125 2049 297 2115 series,
333 2068 514 2102 eorum
545 2046 831 2112 Cimonem,
870 2047 957 2120 qui
996 2046 1046 2100 in
1077 2047 1307 2100 obscuris
1344 2050 1657 2118 consulatur,
1683 2053 1833 2125 juvat
1855 2075 2052 2127 propo-
2096 2041 2098 2047 ,

123 2161 268 2200 nere:
294 2161 565 2212 regnorum
582 2141 705 2194 vero
730 2160 886 2194 annos
910 2151 962 2195 et
985 2139 1243 2195 intervalla
1265 2141 1494 2209 definire,
1518 2138 1779 2200 sileiitibus
1799 2148 2052 2202 veteribus

125 2236 479 2308 scriptoribus,
520 2234 843 2291 temerarium
885 2236 1034 2299 foret,
1075 2246 1133 2288 ut
1171 2236 1308 2289 recte
1332 2236 1628 2307 pronuntiat
1650 2238 1686 2293 J
1691 2259 1765 2293 os.
1804 2239 2051 2311 Scaliger,

127 2329 327 2406 Cenem
368 2327 738 2402 Isagogicau.
778 2350 831 2401 p.
865 2330 989 2383 316.
1067 2328 1368 2384 Monuerim
1409 2344 1578 2385 autem
1617 2335 1680 2387 de
1722 2335 1822 2388 hoc
1873 2354 2053 2406 regum

126 2422 439 2480 Parthorum
457 2422 686 2489 Canone,
701 2422 919 2477 multum
940 2421 1068 2476 lucis
1088 2442 1188 2493 ope
1204 2443 1531 2480 nummorum
1551 2425 1583 2480 εὶ
1599 2426 1705 2483 Cll.
1726 2427 2053 2503 Barthelemy

126 2527 180 2573 et
204 2516 431 2574 Pellerin
452 2517 607 2573 finisse
630 2518 899 2584 adfiisum3
936 2536 1065 2590 quos
1091 2516 1316 2571 consule.

37 2175 64 2791 ’,ΜκΜῖ
49 2127 60 2148 a
42 2031 53 2064 ὀ·

469 2734 760 2794 CANON
796 2735 1107 2792 REGUM
1141 2735 1700 2794 PARTHORUM.

716 2945 786 3000 A.
802 2943 875 3000 U.
897 2925 963 2999 ‘c.
986 2953 1114 3007 498.
1152 2946 1223 3001 A.
1241 2944 1308 2999 c.
1332 2952 1458 3000 255.

195 3109 549 3168 ARSACES
574 3110 621 3166 1.
653 3115 719 3166 ab
740 3113 1004 3167 Antiocho
1029 3112 1107 3169 11.
1139 3118 1434 3185 (perperam
1465 3110 1720 3176 Justinus,
1760 3126 1890 3167 xm.
1926 3119 1980 3167 4.
2018 3112 2051 3167 ἢ

40 3199 74 3286 9
121 3203 361 3273 Seleuco)
386 3204 546 3275 Syriae
566 3225 685 3277 rege
700 3205 896 3271 deficit,
925 3207 991 3263 L.
1018 3206 1224 3261 Manlio
1245 3206 1491 3270 Vulsone,
1519 3203 1604 3258 M.
1630 3203 1816 3259 Attilio
1845 3203 2049 3276 Regulo

121 3297 447 3365 consulibus3
484 3317 695 3369 regnum
722 3299 1021 3355 Parthicum
1045 3300 1354 3371 auspicatur,
1378 3298 1631 3370 tantisque
1655 3296 1871 3352 illustrat
1894 3298 2051 3353 virtu-

123 3390 281 3456 tibus,
325 3402 386 3447 ut
435 3393 545 3464 ejus
592 3412 907 3448 successores
954 3393 1184 3448 dicantur
1231 3392 1451 3448 ARSA
1465 3390 1548 3447 CI
1561 3390 1756 3446 DAE.
1834 3391 2051 3447 Matura

122 3495 381 3540 senectute
398 3486 627 3541 decessit.
699 3486 889 3551 Justin.
919 3504 1048 3542 xm.
1074 3496 1111 3543 4
1134 3498 1186 3541 et
1203 3484 1254 3543 5.
1282 3487 1488 3553 Strabo,
1517 3502 1607 3539 xi.
1645 3505 1698 3557 p.
1722 3491 1847 3540 515.
1878 3484 2051 3540 Tacit.

49 3576 74 3649 ζ’
122 3576 313 3632 Annal.
366 3596 435 3633 u.
487 3587 531 3634 1.
626 3578 774 3634 Male
821 3579 1077 3646 petavius,
1114 3579 1372 3645 Usserius,
1419 3590 1472 3633 et
1513 3597 1688 3634 recens
1730 3577 1815 3632 Cl.
1862 3578 2049 3648 Bayer,

52 3654 67 3725 5
121 3667 327 3728 Hister.
351 3672 491 3745 regni
516 3672 751 3729 Graecor.
786 3671 1064 3741 Bactriani,
1100 3693 1153 3746 p.
1178 3681 1267 3732 51.
1292 3672 1492 3731 initium
1517 3671 1660 3728 AErae
1696 3671 1948 3727 Parthicae
1981 3671 2047 3725 ab

39 3291 69 3560 o‘q'ffl
