2268 3964
66 241 124 292 J*
140 241 199 290 C.
226 241 308 287 1⁴.
562 228 949 281 ANNALIUM
986 225 1192 277 LIBER
1227 228 1505 281 PRIMUS.
1937 241 1999 287 51

35 364 178 452 'que
246 353 491 448 legatus,
558 374 660 421 aut
711 346 979 420 tribunus
1034 358 1369 420 moderator
1433 357 1653 422 adfuit:
1725 363 2003 444 permissa

58 466 241 547 vulgo
279 460 508 522 licentia·
530 464 709 540 atque
731 457 875 518 ultio
903 471 971 542 et·
993 457 1232 518 satietas.
1319 458 1473 516 Mox
1498 457 1790 539 ingressus
1817 464 2005 523 castra

60 558 473 632 Germanicus,
516 561 559 591 “
587 564 708 615 non
735 553 1079 615 medicinam
1122 554 1312 614 illud''
1355 552 1618 634 plurimis
1644 576 1783 616 cum
1819 558 2003 642 lacry-

59 658 193 733 miS,
236 662 280 692 “
306 656 410 717 sed
448 652 717 715 cladem''
760 652 1076 738 appellans,
1120 657 1164 687 “
1201 650 1446 712 cremari
1488 655 1778 732 corpora'’
1815 657 1999 736 jubet.

58 757 288 817 Truces
326 752 500 814 etiarn
540 764 669 810 tum
695 748 916 808 animos
943 747 1156 829 cupido
1194 748 1411 808 involat
1449 749 1627 809 eundi
1661 750 1722 809 in
1749 750 2001 827 hostem,

58 851 356 933 piaculum
391 847 604 909 furoris
622 867 640 907 z
656 848 672 873 ¹
714 851 823 907 nec
868 846 1032 905 aliter
1073 850 1241 926 posse
1283 846 1495 927 placari
1537 847 2003 911 commilitonum

60 968 283 1023 manes,
322 945 504 1028 quim
546 944 594 1005 si
621 942 952 1025 pectoribus
993 941 1181 1023 impiis
1213 943 1454 1003 honesta
1480 944 1723 1005 vulnera
1757 946 2007 1027 accepis-

61 1060 208 1107 sent.
293 1043 568 1127 Sequitur
602 1042 873 1102 ardorem
898 1040 1148 1101 militum
1178 1043 1399 1115 Cae'sar,
1434 1042 1754 1123 junctoque
1795 1041 2009 1124 ponte²

62 1140 324 1204 n-amitfit
350 1139 660 1201 duodecim
676 1139 855 1199 millia
901 1137 936 1199 ὲ
983 1138 1326 1222 legionibus,
1370 1160 1475 1199 sex
1503 1136 1561 1200 et
1586 1139 1786 1223 viginti
1823 1138 2007 1203 socias

61 1239 353 1313 cohortes,
393 1253 529 1299 octo
547 1237 809 1321 equitum
830 1236 967 1312 alaS,
996 1256 1247 1320 quarum
1275 1235 1344 1298 ea
1366 1237 1643 1298 seditione
1670 1238 2014 1299 intemerata⁴

62 1336 345 1398 modaetia
369 1334 498 1397 fuit.
523 1359 525 1361 ·
988 1366 992 1371 ·

149 1541 252 1594 50.
282 1533 496 1604 Lien,
536 1512 730 1612 neque
756 1531 987 1611 procul,
1028 1514 1341 1592 Germani³
1378 1528 1689 1612 agitabant,
1719 1518 1863 1591 dum
1884 1519 2005 1616 jus-

49 1628 188 1690 ·titio
243 1630 330 1689 ob·
375 1628 650 1688 amissum
705 1632 1069 1711 Augustum,
1133 1629 1267 1709 post
1323 1627 1621 1688 discordiis
1674 1628 2004 1690 attinemur.

65 1729 152 1787 At
182 1726 486 1789 Romanus
511 1725 743 1808 agmine
779 1730 1032 1810 propero
1075 1726 1297 1808 sylvam
1327 1724 1576 1786 Caesiam
1591 1727 1616 1760 ⁴
1648 1724 2006 1808 limitemque

46 1822 105 1884 ’ἰ
145 1822 433 1884 Tiberio-5
466 1836 729 1904 coeptum
773 1822 1019 1884 scindit:
1064 1828 1250 1884 castra
1291 1823 1353 1882 in
1398 1821 1577 1881 limite
1611 1822 1799 1883 locat:
1845 1820 2008 1884 fron-

63 1934 186 1981 tem
221 1941 290 1981 ac
325 1933 559 2003 tergum
602 1920 778 1995 vallo,
821 1921 999 1982 latera
1047 1918 1418 1982 concaedibus
1435 1914 1458 1947 ⁶
1501 1920 1776 1981 munitus·
1861 1921 2008 1982 Inde

63 2017 244 2080 saltus
269 2017 549 2079 obscuros
565 2021 587 2055 ⁷
628 2032 908 2098 permeat,
953 2019 1355 2100 consultatque
1398 2023 1441 2053 ‘⁶
1470 2039 1547 2078 ex
1586 2017 1814 2078 duobus
1846 2017 2008 2079 itine-

67 2119 114 2152 “
139 2113 323 2189 ribus,
379 2115 559 2176 breve
610 2128 669 2175 et
720 2115 956 2176 solitum
976 2112 998 2145 ⁸
1053 2119 1363 2198 sequatur:
1429 2134 1504 2175 an
1567 2114 1894 2197 impeditius
1948 2129 2020 2202 et

140 2293 158 2317 ¹
198 2295 444 2345 Piaculum
462 2294 678 2362 furoris.
747 2297 818 2346 Ut
854 2297 983 2346 suro-

70 2378 171 2413 rem
212 2380 375 2424 suum,
405 2380 551 2428 aeque
595 2364 984 2414 commilitonum

71 2433 302 2494 sanguine
322 2442 669 2481 contemeratos
696 2433 963 2497 expiarent.

139 2494 444 2564 'Iunctaque
461 2506 623 2563 ponte.
676 2500 839 2581 Supra
861 2501 988 2549 Rhe-

72 2581 212 2627 num,
233 2569 296 2615 ad
321 2567 497 2616 Vetera
516 2579 690 2627 castra,
712 2569 910 2617 hauteu.

142 2628 163 2660 ³
220 2634 465 2713 Germani.
570 2635 716 2713 Laeti·
755 2635 986 2712 ‘Germani

71 2701 220 2819 duce.
236 2833 270 2886 6
290 2771 369 2819 De
398 2703 813 2835 ,ᾖυέἲὶιίὶοᾼὲιίὲιῑῒιῗι
835 2704 993 2836 {ligi}

76 2844 391 2971 capgyiwm
436 2905 644 2955 Coesiam.
724 2907 872 2956 Nunc
914 2906 994 2955 the

56 2970 227 3043 some
275 2973 339 3040 qs
372 2973 691 3034 Hesemaldt,
741 2975 791 3023 in
833 2974 1002 3024 Clivia

74 3038 455 3100 Transrhenani,
490 3042 611 3091 forte
653 3058 839 3091 sacram
886 3043 993 3091 Deo

78 3106 250 3167 Marti,
297 3125 442 3173 quem
486 3108 623 3159 Galli
669 3110 876 3171 ESVM,
921 3110 993 3158 vel

80 3174 324 3226 111⁴:va
359 3186 406 3225 et
440 3177 791 3226 CAMVLVM
832 3177 996 3243 appel-

79 3241 262 3292 labant.
334 3243 390 3292 ln
435 3244 538 3309 ipsa
583 3242 739 3301 clivia
781 3256 994 3311 repertus

76 3306 203 3375 lapis
244 3319 378 3360 vetus
425 3311 647 3361 MARTl
699 3313 994 3363 CAMVLO

80 3377 354 3443 inscriptus.
424 3377 621 3428 Gruter.
645 3394 815 3445 p.1.v1.
849 3386 996 3449 1142.

81 3443 210 3495 Vide
226 3447 323 3495 not.
344 3456 391 3495 et
411 3447 597 3495 emend.
620 3449 681 3495 ad
698 3450 828 3497 Ann.
852 3464 890 3498 1.
913 3452 996 3512 59.

150 3507 172 3539 ⁸
219 3513 525 3578 Limitemque
567 3514 597 3563 d
638 3514 842 3567 Tiberio.
920 3515 999 3564 Li-

81 3578 250 3629 mitem
274 3597 585 3646 aggeremque
603 3581 719 3630 olim
738 3582 770 3632 a
790 3583 1001 3640 Tiberio,

65 3646 199 3706 ,ciam
236 3650 284 3696 in
319 3649 582 3698 Germania
618 3649 831 3710 bellaret,
875 3667 1002 3715 εωρ-

84 3725 193 3764 tum
236 3717 435 3783 properi:
475 3717 668 3779 scindit,
712 3734 770 3767 ne
811 3719 843 3768 a
886 3720 1002 3768 Bar—

1091 2299 1215 2346 baris
1244 2306 1527 2362 occupetur.
1597 2297 1756 2346 Limes
1789 2297 1873 2346 ille
1904 2306 2010 2347 erat

1089 2364 1137 2426 in
1171 2363 1325 2415 clivia
1349 2365 1712 2414 Transrhenanss
1743 2381 1894 2430 prope
1929 2381 2007 2413 ur-

1092 2436 1199 2483 bem
1243 2433 1564 2493 Schermbeck,
1621 2441 1678 2481 ut
1723 2434 1853 2482 recte
1907 2449 2009 2481 mo-

1090 2503 1198 2550 nuit
1253 2501 1507 2550 Cluverius
1561 2502 1792 2566 German7
1835 2502 2006 2566 Antiq‘

1092 2585 1179 2618 111.
1201 2575 1250 2627 9.
1286 2586 1336 2634 p.
1355 2575 1470 2619 542.
1545 2569 1601 2617 In
1637 2569 1734 2618 illis
1772 2568 2011 2618 limitibus

1090 2638 1435 2703 aggeribusque
1471 2654 1594 2701 saepe
1628 2646 1896 2702 pugnatum
1936 2637 2023 2687 di·-

1093 2706 1367 2753 ceturinfra
1389 2705 1515 2754 Hist.
1533 2720 1594 2754 11.
1613 2709 1693 2754 24.
1711 2710 1793 2752 42.
1820 2719 1906 2753 111.
1924 2710 2008 2753 21.

1159 2769 1180 2794 ⁶
1204 2771 1521 2823 concaedibus.
1589 2772 1861 2823 Arboribus
1890 2789 2010 2838 prae-

1094 2857 1203 2889 ciffis
1226 2852 1456 2890 munitus,

1160 2904 1182 2935 ⁷
1230 2908 1393 2956 Saltus
1438 2910 1670 2958 obscuros.

1091 2976 1238 3042 sylvae
1261 2977 1424 3026 Caesiae
1443 2977 1608 3026 saltus.
2023 3010 2027 3014 Δ

1161 3039 1181 3069 ⁸
1225 3043 1379 3093 Breve
1418 3051 1464 3093 et
1496 3045 1701 3093 solitum.
1773 3041 1926 3092 Breve
1949 3048 2011 3119 jc

1093 3112 1282 3161 solit-um
1307 3113 1410 3171 iter,
1447 3112 1576 3176 quod
1599 3113 1662 3160 ab
1697 3126 1875 3160 occasu
1899 3111 2011 3158 solis

1095 3180 1157 3228 ad
1188 3190 1365 3238 ortum,
1396 3190 1589 3245 propter
1611 3180 1855 3228 dexteram
1881 3179 2012 3243 Lup-

1096 3249 1204 3313 piae,
1239 3263 1367 3296 nunc
1407 3247 1571 3311 Lippe,
1609 3248 1779 3311 ripam,
1814 3246 1874 3294 ad
1911 3262 2014 3295 cas-

1098 3315 1268 3364 tellum
1324 3315 1587 3374 Alisonem,
1654 3329 1784 3363 nunc
1849 3313 2012 3373 Elaea,

1097 3392 1276 3431 struere
1312 3394 1523 3447 coeperat
1555 3382 1795 3442 Tiberius,
1840 3381 2014 3432 deinde

1100 3452 1360 3515 perfecerat
1376 3448 1863 3505 DomitiusCorbulo.
1918 3448 2014 3496 lin·

1101 3517 1312 3581 peditius
1332 3517 1441 3567 verb
1469 3528 1516 3566 et
1542 3519 1845 3576 intentatum,
1881 3514 2013 3580 quod

1104 3584 1252 3648 paulo
1309 3585 1456 3650 inagis
1493 3588 1554 3634 ad
1602 3583 1874 3649 aquilonem
1917 3599 2016 3631 ver-

1761 2907 2010 2957 Obscuros

1102 3653 1181 3701 sus
1202 3653 1435 3717 oppidum
1463 3653 1685 3701 Munster
1718 3651 2014 3700 deflectebat.

1100 3720 1371 3770 Bucherius
1396 3720 1527 3784 Belg.
1554 3721 1692 3770 Rom.
1715 3733 1799 3767 ιη.
1824 3724 1872 3768 4.
