2268 3964
449 181 715 247 ADLIB.
749 181 846 232 111.
879 181 1052 230 ANN.
1085 181 1146 231 C.
1180 179 1391 231 CORN.
1421 181 1674 234 TACITI.
1942 189 2047 243 439

114 320 173 370 to
200 314 284 370 the
307 311 551 367 criminal
574 312 642 386 by
669 310 905 369 Tiberius
925 309 1036 364 and
1061 308 1240 364 Livia.
1284 309 1589 376 DaVanzati,
1615 309 1784 366 Senza
1805 310 1853 366 le
1858 312 2050 383 parole

116 417 154 443 “
191 407 507 480 scripsissent
551 402 964 476 expostulantes'’
1011 412 1165 456 torna
1208 403 1478 457 benissimo
1515 403 1562 457 il
1599 405 1933 472 sentiment05
1955 437 1963 445 =
1994 406 2046 461 io

116 503 166 557 Ie
190 503 256 556 ho
282 501 527 555 [asc-iate.-
567 519 596 551 ο
622 498 718 551 elle
740 498 795 552 vi
825 515 947 550 sono
953 495 1269 569 frammesse
1292 515 1391 568 per
1432 515 1622 561 errore,
1648 517 1677 550 ο
1703 498 1839 552 altre
1861 499 2049 571 parole

32 572 42 596 λ
96 596 172 653 ὐἱ
196 613 451 649 maucano
477 593 567 669 ohe
591 612 685 645 con
709 588 875 663 quelle
879 588 1118 663 faceano
1154 589 1472 643 sentimenta.
1546 587 1608 642 Il
1648 589 1878 645 lilerceri
1903 593 2048 667 legge

26 683 40 754 ζ’
116 689 370 743 submisse
418 692 453 718 “
502 684 886 756 expostulantes
900 682 946 737 :”
1005 682 1049 735 il
1091 683 1394 736 sentimento
1441 693 1598 737 torna
1647 683 1806 750 bene3
1859 706 1946 740 ma
2004 685 2051 740 il

42 844 45 850 .
111 789 428 836 mutamento
452 779 478 832 ὲ
497 779 686 832 ordita.

193 875 476 940 Lacunam‚·
493 892 607 943 quae
636 870 707 924 ibi
730 881 906 924 notata
928 879 1022 933 est,
1046 887 1201 922 nemo
1227 881 1692 925 commentatorum
1717 873 1850 927 bene
1873 874 2048 946 exple-

37 959 44 972 ’
117 969 220 1022 vit:
259 980 310 1021 et
335 966 541 1038 Lipsius
565 966 758 1018 nodum
782 962 943 1032 magis
968 961 1185 1025 discidit,
1210 960 1366 1033 quam
1399 963 1688 1034 explicavit,
1711 965 1914 1020 aliunde
1944 968 2048 1023 huc

38 1044 50 1133 'f
116 1062 310 1131 ingesta
327 1072 548 1114 statuens
580 1060 734 1109 verba
754 1042 1069 1127 scripsissent
1093 1054 1502 1125 expostulante&
1540 1058 1680 1129 quod
1713 1059 1858 1114 haud
1878 1061 2048 1116 minas

120 1155 359 1209 Tiberius
402 1151 556 1226 qudm
603 1149 733 1203 Piso
777 1148 1031 1203 abnuere:
1077 1147 1262 1219 quibus
1300 1149 1354 1201 h.
1392 1148 1428 1201 l.
1449 1208 1454 1212 ,
1479 1151 1679 1206 omissis
1721 1164 1890 1208 cetera
1926 1154 2047 1208 satis

39 1239 52 1248 ”
114 1235 371 1303 cohaerere
392 1247 642 1299 videntur.
717 1244 822 1298 Sed
854 1241 952 1313 ipsi
990 1261 1092 1295 non
1127 1241 1371 1313 liquebat,
1397 1263 1502 1315 quo
1527 1243 1633 1312 illa,
1657 1265 1771 1317 quae
1795 1247 1870 1301 sic
1895 1268 2050 1320 supe-

38 1333 52 1370 ³
114 1354 244 1407 rent,
262 1341 560 1396 remittenda
579 1349 762 1393 essent.
836 1337 1061 1389 Venerat
1096 1336 1263 1388 amico
1286 1336 1341 1389 in
1363 1349 1608 1405 mentem,
1628 1359 1782 1410 posse
1805 1359 1866 1394 ea
1888 1341 2048 1395 finem

47 1424 49 1427 .
116 1439 284 1490 facere
331 1416 583 1506 superiori
617 1431 793 1503 capiti,
834 1429 1087 1501 subdique
1124 1429 1464 1499 accusationi;
1516 1434 1650 1486 unde
1697 1434 1816 1487 dein
1864 1434 2048 1491 melius
2134 1466 2135 1472 =

38 1508 55 1571 ἶ
116 1529 242 1584 illud
259 1539 601 1599 consequatur
623 1548 635 1580 :
679 1524 931 1598 Defensio
956 1523 1013 1575 in
1038 1523 1217 1577 ceteris
1241 1523 1539 1596 trepidavit.
1616 1526 1723 1580 Sed
1744 1538 1796 1582 et
1819 1527 1892 1582 sic
1916 1549 2050 1584 nova

40 1638 58 1691 ‚⁴
115 1625 266 1677 turba
302 1621 514 1685 exsistit,
552 1639 786 1690 novaque
830 1617 1027 1682 lacuna,
1061 1636 1218 1689 quam
1242 1617 1446 1688 ingenio
1470 1618 1681 1690 explere
1720 1622 2048 1678 temerarium

44 1708 57 1754 ἶ
116 1716 200 1770 sit.
271 1715 452 1787 Atque
493 1714 614 1766 cnm
651 1712 760 1766 sine
791 1709 1091 1764 melioribus
1131 1711 1440 1780 argumentis
1463 1713 1679 1768 vetitum
1702 1713 1784 1783 sit,
1809 1718 2049 1774 adversus

116 1813 288 1876 verba,
312 1828 428 1881 quae
453 1806 578 1860 olim
602 1805 778 1859 locum
803 1804 1082 1875 possident,
1106 1803 1210 1857 vim
1234 1804 1363 1871 fieri,
1395 1806 1715 1877 probabilius
1747 1808 1834 1865 alii
1864 1830 2050 1866 vocem

117 1902 496 1975 expostulantes
519 1900 582 1953 ad
610 1898 861 1953 Senatum
879 1918 972 1970 per
990 1898 1189 1967 synesin
1211 1900 1453 1966 referunt,
1477 1900 1622 1972 quasi
1647 1901 1830 1975 Patres
1862 1923 2051 1976 expos-

42 1888 77 2869 ι
116 1997 355 2062 tularent,
395 2014 506 2068 quae
541 1994 851 2064 scripsissent
895 1991 1023 2045 Piso
1062 2002 1115 2045 et
1166 1991 1432 2060 Plancina,
1469 1995 1565 2062 (cf.
1595 2011 1647 2048 L.
1678 2013 1748 2050 11.
1780 2016 1898 2070 cap.
1935 2005 2051 2069 78.)

52 2861 77 2962 ἕ

54 2964 66 2997 ι

117 2093 292 2147 forsan
308 2089 484 2143 laudes
509 2099 562 2141 et
585 2097 752 2158 grates
774 2085 1008 2153 Tiberio,
1033 2096 1276 2157 tanquam
1302 2088 1373 2140 ob
1397 2107 1477 2141 res
1499 2107 1674 2156 novas,
1694 2110 1821 2163 quas
1844 2093 2052 2164 petiisse

118 2183 492 2240 Germanicum
515 2181 796 2245 finxissent,
820 2181 1037 2247 fractas3
1074 2180 1209 2233 unde
1232 2179 1371 2234 credi
1394 2181 1638 2253 potuerit,
1664 2181 1911 2240 Pisonem
1927 2207 2050 2244 cum

118 2297 280 2333 uxore
320 2287 586 2331 auctorem
635 2273 816 2328 mortis
856 2272 1029 2327 fuisse.
1127 2272 1281 2328 Talia
1335 2275 1528 2346 scripta
1587 2294 1770 2347 negare
1812 2290 2053 2351 poterant

71 2383 75 2386 ’
118 2383 352 2444 uterque,
390 2363 444 2424 et
481 2367 724 2423 Tiberius
759 2379 812 2420 et
838 2366 983 2420 Piso.
1060 2366 1165 2420 Sed
1203 2367 1377 2421 locum
1415 2370 1757 2440 desperatum,
1798 2373 1853 2427 in
1893 2394 2051 2447 quem

120 2464 246 2538 quid
269 2462 353 2517 alii
384 2459 716 2517 commentati
741 2459 857 2527 sint,
882 2459 1073 2531 pariter
1098 2459 1446 2533 relinquimus.
1522 2462 1737 2534 Bipont.
1764 2465 1865 2522 Ed.
1894 2475 2053 2531 1792.

192 2555 554 2612 Devellebant.
655 2552 875 2625 Optime
930 2553 1197 2610 Ernestus.
1289 2554 1441 2609 Male
1507 2555 1795 2616 Beroaldus
1862 2557 2051 2636 aliique

118 2662 330 2718 veteres,
353 2647 688 2704 divellebant.

194 2853 349 2909 Car.
380 2860 464 2909 15.
506 2852 760 2909 Comitem
784 2854 950 2909 exitii.
1024 2851 1218 2909 Illustr.
1245 2853 1473 2910 Huetius
1490 2865 1543 2909 et
1570 2854 1816 2910 Ernestus
1841 2868 2052 2926 tentant,

66 2954 77 2971 “
118 2947 283 3003 esitii.
354 2946 628 3018 Ingeniose
662 2948 887 3021 quidem.
962 2948 1159 3002 Verum
1209 2949 1331 3003 cum
1373 2948 1554 3004 mediae
1594 2960 1763 3004 essent
1797 2945 1930 3022 spes,
1954 2970 2051 3005 nec.

54 3000 77 3063 ‘⁴
119 3040 389 3096 immineas
412 3040 719 3113 periculum,
742 3041 913 3113 potuit
946 3040 1196 3096 Plancina
1219 3061 1273 3096 ae
1298 3042 1546 3124 comitem
1570 3042 1732 3111 exitii,
1757 3043 2054 3118 sociamque

59 3197 62 3204 Ι
119 3134 300 3190 mortis
323 3134 640 3207 promittere.

194 3333 349 3393 Car.
406 3339 489 3393 16.
582 3339 749 3411 Apud
781 3348 1035 3395 senatum.
1126 3338 1240 3396 Hic
1281 3338 1473 3413 aliquid
1513 3338 1715 3394 excidit.
1794 3337 2055 3398 Existimo

62 3444 89 3554 ἐ
122 3428 248 3485 olim
274 3428 431 3487 fuisse
448 3430 715 3504 scriptum,
738 3431 1080 3506 Censor-,flexo
1097 3434 1156 3487 in
1179 3433 1472 3488 moestitiam
1497 3451 1600 3498 ore,
1623 3451 1771 3488 suam
1794 3433 2057 3489 invidiam

66 3538 78 3613 1
123 3523 225 3576 tali
271 3532 436 3577 morte
481 3529 746 3597 quesitam
793 3526 938 3599 apud
989 3535 1225 3581 senatum
1271 3525 1517 3601 indolet,
1564 3523 1774 3581 Pisonis
1812 3525 2055 3582 libertum

83 3614 87 3646 f
123 3615 375 3687 appellat,
411 3617 699 3691 crebrisque
735 3619 1227 3694 interrogationibus
1264 3619 1491 3693 exquirit
1529 3619 1735 3694 qualem
1763 3618 1894 3674 Piso
1918 3619 2054 3675 diem

77 3699 84 3703 ’
127 3724 436 3781 supremum,
475 3719 767 3789 noctemque
803 3714 1061 3787 exegisset.
1137 3713 1314 3787 Atque
1348 3711 1443 3767 illo
1484 3713 1736 3789 pleraque
1776 3714 2055 3795 sapienter,
